2283 3535
276 704 293 732 ἴ)

275 1071 313 1101 lO

348 268 428 307 502
981 276 1085 308 ΑΘΒ.
1112 276 1172 307 ΕΤ
1201 275 1366 307 PORPH.
1394 275 1541 307 COMM.

459 401 642 442 Findunt
671 399 735 441 Se.
765 400 806 455 fl.
866 400 1116 441 Scamander
1145 398 1298 440 fluuius
1328 398 1546 454 Europam
1577 398 1631 440 ab
1651 397 1759 441 Asia
1789 399 1980 440 diuidere
2010 399 2176 448 dicitur,
2275 297 2283 451 i

346 473 441 515 ideo
473 473 613 529 posuit
640 474 813 530 findunt.

458 547 640 588 lubricus
672 556 709 588 et
728 547 824 589 Sim.
884 545 1062 587 Fluuius
1085 546 1264 587 lubricus
1286 545 1492 601 sanguine
1513 545 1809 594 Troianorum,
1841 552 1884 586 ut
1907 544 1981 601 (A.
2000 545 2029 595 I,
2053 546 2174 602 lOO):

341 620 413 661 ubi
440 629 496 662 tot
517 622 658 663 Simois
688 629 874 676 correpta
910 620 982 661 sub
1003 620 1124 661 undis
1140 622 1265 661 Scuta
1286 622 1425 660 uirum
1448 618 1601 675 [qaleas
1623 627 1658 661 et
1676 620 1802 673 sortia
1824 633 1995 675 corpora
2016 617 2177 674 uoluit}

346 693 435 735 siue
466 709 543 748 pro
574 701 724 735 natura
755 708 889 749 aquae
920 693 1120 734 lubricus.

458 769 518 810 15.
553 778 656 810 cerlo
688 767 973 823 subce(9)mine
1005 768 1169 808 Pareae.
1230 764 1290 806 Ut
1324 765 1499 820 (Lucan.
1531 764 1613 815 ΙΙΙ,
1648 765 1740 820 19);
1778 773 1976 822 rumpunt
2005 767 2178 807 stamina

347 841 514 882 Pareae.

455 915 518 955 16.
553 914 729 955 caerula.
790 912 956 955 Nomen
987 928 1012 954 a
1043 912 1183 954 colore
1214 912 1343 955 maris
1374 912 1400 953 i.
1433 926 1467 953 e.
1501 912 1681 963 marina,
1713 920 1758 953 ut
1788 913 1926 968 (Ouid.
1959 911 2061 954 Her.
2093 911 2177 962 IX,

343 988 437 1041 14):
476 988 694 1029 Caeruleus
726 987 892 1029 Nereus.

457 1061 519 1102 18.
553 1063 836 1116 αεψίηῑοηίαε.
896 1059 1194 1116 Aegritudinis
1227 1059 1279 1115 (s.
1317 1058 1510 1100 tristitiae
1523 1059 1561 1114 ‘?)
1593 1058 1734 1100 animi.

1078 1187 1442 1232 PORPHYRION.

456 1281 581 1323 Horr.
615 1290 639 1323 t.
673 1282 771 1323 cael.
804 1297 836 1323 c.
868 1297 898 1323 e.
929 1282 955 1322 i.
1027 1279 1236 1321 Hortatur
1284 1278 1618 1329 contubernales,
1665 1285 1722 1329 ut,
1770 1279 1970 1334 quoniam
2016 1278 2178 1321 caelum

342 1352 548 1407 pluuium,
571 1369 649 1396 nec
671 1355 805 1410 (aliud
817 1354 854 1410 ?)
879 1354 1105 1409 quicquam
1127 1352 1198 1409 agi
1220 1352 1365 1408 possit,
1397 1351 1441 1393 in
1473 1351 1714 1394 conuiuium
1745 1352 1954 1394 secedant.
2017 1353 2179 1395 Caelum

337 1468 374 1498 R.
403 1469 472 1498 rell.
498 1470 649 1501 assaraci.
680 1480 842 1501 assaracus
867 1480 946 1500 auus
972 1469 1125 1499 anchisae.
1152 1469 1218 1498 Adi
1244 1468 1394 1506 Apollod.
1420 1467 1478 1506 ΙΙΙ,
1508 1469 1557 1505 12,
1586 1469 1615 1499 2.
1642 1468 1736 1499 Hom.
1762 1468 1799 1497 Il.
1823 1468 1892 1506 XX,
1920 1469 1994 1501 234.
2019 1469 2113 1507 Verg.
2138 1468 2177 1498 A.

335 1524 390 1563 IX,
419 1527 494 1556 643.
523 1526 621 1557 Ouid.
647 1527 680 1557 F.
709 1529 750 1557 34
777 1532 808 1557 et
835 1528 909 1557 943.
936 1527 1005 1569 Βφε
1039 1527 1217 1556 Assaracus
1243 1529 1334 1563 pater
1358 1524 1421 1554 fuit
1446 1525 1540 1563 capis.
1567 1526 1654 1564 capis
1680 1525 1845 1555 anchisae.
1871 1526 2020 1555 anchises
2045 1534 2178 1555 aeneae.

335 1591 392 1620 per
416 1584 555 1613 nobilem
582 1594 658 1622 ergo
684 1585 840 1614 familiam
867 1584 1005 1622 patriam
1031 1583 1208 1622 significat.
1234 1581 1316 1612 conf.
1344 1581 1387 1612 C:
1414 1583 1523 1612 Assar.
1549 1582 1646 1611 lellus.
1674 1582 1695 1611 i.
1723 1591 1750 1611 e.
1778 1582 1884 1612 Troia.
1911 1583 2091 1612 Assaracus
2116 1582 2179 1611 fuit

334 1643 426 1677 pater
454 1639 593 1680 Capydis,
621 1641 730 1681 Capys
748 1646 856 1672 autem
874 1641 1051 1678 Anchisae,
1077 1649 1133 1678 per
1151 1649 1182 1669 n.
1203 1649 1228 1669 e.
1249 1639 1271 1669 f.
1292 1638 1435 1678 intelligit
1459 1640 1610 1678 patriam.
1636 1638 1688 1681 Βφ
1713 1639 1840 1676 glossa:
1867 1649 1967 1669 assar.
1992 1638 2050 1669 tell.
2069 1638 2177 1669 Troia.

334 1713 377 1716 —
404 1696 514 1726 Tellus
541 1697 619 1727 enim
644 1700 677 1728 in
702 1709 765 1737 qua
790 1699 858 1736 A,r.
885 1698 955 1728 rell.
982 1707 1043 1727 om.
1070 1697 1156 1727 enim.

452 1753 483 1792 l)
511 1753 613 1784 Scam.
640 1756 715 1785 fluu.
742 1755 820 1785 Eur.
848 1756 897 1784 ab.
926 1755 982 1784 As.
1012 1755 1076 1783 diu.
1105 1753 1224 1783 dicitur
1248 1752 1432 1790 A1‚rmvca‚
1460 1752 1563 1783 scam.
1592 1753 1667 1783 fluu.
1694 1753 1884 1783 troianorum
1916 1762 1983 1782 eur.
2003 1770 2044 1774 ——
2063 1753 2179 1782 dieitur

334 1810 370 1839 R.
397 1810 499 1841 Scam.
528 1812 602 1841 fluu.
624 1822 721 1850 prope
745 1812 829 1842 ilium
853 1812 905 1850 qui
927 1811 1039 1840 Asiam
1066 1812 1105 1840 ab
1132 1820 1251 1848 europa
1277 1811 1343 1839 diu.
1370 1806 1488 1840 dicitur
1514 1811 1543 1840 2.
1571 1810 1673 1840 Scam.
1701 1811 1731 1840 fl.
1764 1814 1814 1846 est,
1851 1809 1904 1848 qui
1938 1819 2005 1839 cum
2039 1809 2100 1840 Eu.
2137 1810 2177 1839 ab

335 1867 391 1896 As.
419 1868 486 1897 (liu.
514 1869 641 1898 dicatur
666 1870 711 1898 fh.
738 1869 841 1898 Scam.
867 1869 900 1899 fi.
927 1878 994 1897 cum
1031 1885 1073 1888 —
1110 1868 1239 1896 dicatur
1272 1866 1310 1901 Q.
1343 1876 1361 1908 γ
1391 1867 1518 1905 glossa:
1559 1867 1752 1899 Scamandri.
1786 1867 1902 1896 fluuius
1935 1870 1995 1896 est.
2030 1865 2066 1896 C.
2101 1867 2178 1896 Sca-

332 1923 460 1953 mander
485 1925 582 1954 aliter
609 1926 716 1955 dictus
731 1926 893 1962 Xanthus,
922 1929 953 1954 et
981 1924 1102 1960 Simois,
1129 1924 1220 1952 fluuii
1246 1922 1377 1953 Troiani
1405 1933 1445 1953 ex
1470 1925 1528 1953 Ida
1554 1928 1662 1954 moute
1681 1924 1870 1953 defluentes.
1920 1923 1955 1961 3)
1983 1922 2077 1953 Fluu.
2103 1923 2176 1952 troi.

333 1984 367 2009 ut
397 1981 545 2010 —noluit
577 1981 741 2017 1G,mvca.
768 1986 803 2011 ut
829 1999 870 2002 m
898 1982 1001 2011 uoluit
1027 1981 1066 2010 R.
1093 1980 1184 2009 Lubr.
1211 1984 1238 2009 ec
1263 1979 1387 2018 Simois]
1430 1981 1480 2010 Vel
1502 1980 1646 2019 san-quiue
1671 1980 1895 2017 Troianorum,
1923 1983 1959 2009 ut
1994 1996 2037 2000 ——
2074 1979 2178 2009 uoluit

331 2036 378 2066 fh.
412 2037 464 2066 Vel
486 2042 592 2067 ortum
618 2047 659 2067 ex
686 2039 707 2067 l.
725 2053 770 2067 z
788 2039 944 2067 lubricus.
974 2037 1082 2066 Simois
1108 2037 1235 2065 fluuius.
1262 2036 1405 2066 lubricus.
1433 2038 1617 2067 discurrens
1645 2038 1673 2066 2.
1724 2036 1759 2075 5)
1785 2037 1854 2065 siue
1878 2054 1921 2057 ——
1946 2035 2087 2065 lubricus
2113 2045 2176 2066 om.

334 2094 363 2123 1.
390 2094 532 2123 lubricus
558 2095 601 2124 ait
624 2095 658 2124 R.
725 2096 759 2133 6)
786 2093 1004 2136 subtesssmine
1029 2094 1057 2122 A
1084 2092 1240 2131 (rasura).
1268 2094 1327 2122 sub
1355 2094 1477 2132 teymiue
1502 2094 1628 2131 R2‚1·fh,
1662 2097 1696 2122 ut
1721 2094 1754 2122 M
1779 2094 1898 2132 Porph.
1929 2093 1987 2123 DI.
2013 2092 2108 2122 Bern.
2134 2092 2176 2122 A.

330 2149 519 2190 subtegmine
545 2161 590 2188 ca,
620 2156 655 2180 ut
681 2150 756 2181 Cod.
784 2151 963 2181 Thevenot.
991 2160 1040 2188 ap.
1068 2150 1237 2188 Suringar.
1263 2160 1293 2188 p.
1316 2152 1388 2188 173,
1416 2157 1448 2180 et
1465 2151 1490 2179 P
1518 2148 1602 2189 (G·?)
1622 2150 1653 2179 Η
1672 2150 1709 2188 (g
1726 2159 1801 2180 am.
1821 2150 1870 2189 2).
1897 2150 2068 2179 subtemine
2093 2159 2176 2179 omn.

332 2206 398 2236 fere
422 2211 502 2237 uett.
529 2208 622 2237 codd.
650 2207 792 2244 Horatii,
818 2212 853 2237 ut
881 2207 977 2237 Ouid.
1004 2206 1049 2237 M.
1078 2206 1133 2243 VI,
1161 2208 1213 2236 55.
1242 2206 1363 2236 Catull.
1392 2208 1433 2237 64
1459 2211 1516 2236 ter.
1543 2207 1728 2237 Nemesian.
1757 2206 1841 2246 Cyn.
1869 2208 1944 2236 311.
1979 2206 2078 2246 Tyrio
2103 2207 2175 2236 sub-

330 2265 452 2294 temine
478 2263 560 2294 Stat.
587 2265 646 2293 Th.
674 2264 743 2301 VII,
772 2265 836 2294 656
864 2269 895 2293 et
921 2264 992 2293 Tib.
1021 2263 1074 2300 IV,
1106 2265 1134 2299 1,
1163 2264 1214 2292 12.
1240 2263 1399 2299 Plin.X1,
1420 2264 1480 2293 24:
1508 2265 1603 2293 tereti
1631 2264 1685 2293 filo
1712 2263 1841 2292 deducit
1868 2263 2009 2292 stamina
2026 2263 2177 2292 -circi-

332 2324 409 2351 nato
434 2322 510 2351 orbe
535 2321 728 2360 subtefflnina
754 2321 943 2351 adnectens.
976 2320 1030 2349 Sic
1054 2319 1151 2357 Verg.
1178 2319 1216 2348 A.
1244 2319 1301 2356 III,
1328 2320 1392 2349 483
1426 2319 1559 2349 Seruius
1591 2324 1622 2349 et
1656 2321 1725 2350 cod.
1758 2319 1792 2348 M
1824 2329 1874 2357 ap.
1908 2319 2002 2350 Ribb.
2036 2319 2174 2349 habent:

329 2377 391 2407 fert
415 2378 595 2416 picturatas
620 2377 691 2406 auri
716 2376 894 2416 sabteymine
918 2379 1038 2405 uestes.
1066 2376 1147 2405 conf.
1175 2375 1244 2404 Val.
1271 2376 1319 2406 Fl.
1345 2376 1399 2413 VI,
1427 2376 1509 2417 2275:
1537 2386 1645 2406 croceo
1671 2376 1855 2406 subtemine
1888 2379 2010 2413 uestes,
2038 2380 2070 2405 et
2102 2375 2174 2405 Tib.

329 2434 385 2464 illo
410 2434 497 2465 loeo:
536 2434 635 2474 Tyrio
661 2434 832 2465 subtemine
858 2437 994 2463 uestem.
1023 2436 1104 2463 certo
1128 2432 1262 2469 stamine,
1291 2442 1350 2463 om.
1379 2432 1440 2469 sub,
1468 2444 1520 2463 mv
1547 2434 1604 2472 (ex
1630 2434 1698 2463 loco
1725 2433 1846 2463 Lucani
1872 2430 2033 2471 deprau)
2060 2432 2086 2462 R
2112 2441 2173 2462 om.

329 2491 390 2522 loe.
418 2491 551 2521 Lucani.
578 2495 725 2530 rumpunt
751 2500 835 2521 omn.
863 2491 937 2519 libri
963 2490 1036 2519 Acr.
1063 2489 1172 2518 nullus
1196 2493 1379 2527 rumpentes.
1407 2499 1442 2531 γε
1475 2490 1642 2519 ‘subtemine
1654 2499 1781 2528 parcae.
1809 2491 1885 2528 quia
1902 2494 1990 2519 certa
2015 2493 2091 2519 sunt
2109 2493 2176 2518 sta-

330 2549 417 2578 mina
441 2549 590 2578 fatorum.
624 2547 766 2587 Virgilius
792 2547 848 2586 (A.
874 2546 914 2584 X,
942 2547 1043 2584 8140:
1072 2550 1284 2583 extremaque
1310 2546 1400 2575 lauso
1427 2545 1503 2584 (om.
1524 2547 1661 2585 Parcae)
1689 2547 1742 2576 fila
1760 2547 1882 2585 legunt.
1909 2546 2027 2576 omuino
2043 2545 2102 2575 tale
2118 2544 2174 2575 esc!

329 2606 411 2637 conf.
439 2615 536 2645 supra
560 2606 600 2635 ad
626 2604 662 2635 C.
689 2604 730 2643 II,
757 2605 787 2642 3,
818 2605 868 2634 16.
897 2603 944 2633 C:
971 2603 1139 2633 subtemine.
1154 2602 1223 2641 fiIO,
1253 2603 1333 2641 quod
1356 2603 1478 2633 stamini
1501 2602 1656 2639 intexitur,
1694 2604 1770 2641 quia
1806 2607 1894 2633 certa
1931 2607 2005 2633 sunt
2030 2602 2174 2644 ‘fatorum

330 2664 483 2701 stamina,
509 2666 546 2692 ut
559 2662 649 2700 Virg.
675 2665 732 2692 eset.
760 2662 863 2691 Lauso
890 2660 959 2690 Fila
983 2660 1082 2699 lequut
1106 2660 1226 2689 Parcae
1252 2659 1388 2697 (Parcae
1402 2660 1464 2698 fila
1488 2660 1595 2699 [essunt.
1622 2668 1671 2697 ap.
1686 2659 1810 2698 Vei-g)
1861 2659 1896 2698 8)
1923 2667 2038 2689 nomen
2063 2668 2122 2689 om.
2143 2658 2174 2688 2.

333 2721 388 2759 10)
415 2720 546 2759 aegrim.
571 2717 743 2760 A⁴sb‚cafh,
767 2721 805 2748 ut
830 2726 915 2748 omn.
941 2716 1008 2747 fere
1033 2719 1114 2746 uett.
1142 2716 1234 2744 codd.
1261 2715 1402 2746 Horatii.
1431 2715 1538 2755 eyrim.
1564 2726 1628 2753 mv,
1659 2720 1695 2746 ut
1720 2717 1816 2754 pauci
1850 2717 1942 2746 codd.
1975 2716 2054 2746 Hor.
2088 2724 2114 2744 e.
2147 2724 2173 2744 c.

329 2775 425 2805 Bern.
452 2775 485 2805 C.
513 2775 718 2805 Acrimoniae
743 2785 767 2805 r.
793 2792 837 2796 —
862 2774 963 2803 animi
990 2782 1050 2803 om.
1080 2773 1131 2810 12,
1169 2773 1224 2810 qui
1250 2773 1369 2802 habet:
1407 2773 1624 2811 aegritudiuis
1661 2777 1688 2803 et
1723 2773 1894 2803 moestitiae.
1933 2773 2021 2811 vulg.
2059 2772 2172 2802 lectio:

329 2831 424 2861 (muni
445 2832 495 2861 uel
517 2832 736 2870 aegritudinis
761 2841 832 2861 rmv
859 2830 960 2870 (egr.)
979 2839 1025 2860 ca.
1052 2829 1268 2868 aegritudinis
1294 2829 1394 2858 animi
1421 2829 1465 2859 fh.
1494 2829 1706 2869 aayrimoniae.
1734 2831 1901 2860 tristitiae.
1921 2829 2109 2869 aeyrimonia
2127 2833 2175 2858 est

328 2888 422 2917 (mimi
445 2888 576 2918 tristitia.
603 2889 780 2918 acrimonia
803 2889 896 2926 uigor
922 2891 972 2918 est
997 2887 1107 2917 animi.
1135 2886 1172 2916 C.
1192 2886 1271 2916 conf.
1288 2885 1356 2915 Cic.
1376 2886 1464 2915 Vcrr.
1482 2886 1555 2915 Act.
1575 2886 1599 2922 1,
1621 2887 1677 2916 17:
1705 2887 1807 2924 patris
1831 2886 1892 2916 uim
1916 2890 1943 2916 et
1966 2885 2172 2916 acrimoniam.

329 2944 527 2982 aessrimouia
554 2944 638 2974 infra
664 2945 767 2983 Epod.
795 2944 896 2982 XVII,
925 2945 976 2974 73.
1005 2942 1073 2974 Cic.
1099 2942 1170 2974 Att.
1196 2942 1268 2980 XII,
1295 2943 1348 2972 38.
1376 2942 1552 2981 Aegsrotatio
1577 2943 1678 2971 animi
1709 2943 1821 2981 (Tusc.
1842 2943 1894 2980 IV,
1915 2943 1972 2982 37)
1998 2946 2030 2972 et
2055 2942 2172 2972 mentis

331 3001 427 3039 (ibid.
446 3000 502 3038 III,
524 3002 557 3039 4)
585 3002 765 3037 dicebatur,
787 3011 863 3038 non,
889 3005 1043 3040 quantum
1062 3000 1195 3038 seimus,
1214 2999 1373 3040 aeqricudo
1389 2999 1493 3029 animi.
1522 3000 1604 3029 llinc
1621 3000 1683 3037 leg.
1704 3003 1800 3037 puto:
1827 2999 2044 3037 aegritudinis
2061 3008 2085 3028 s.
2103 2998 2172 3028 tris-

330 3057 448 3087 ‘risliae
472 3059 583 3087 animi.
610 3068 639 3099 *51
667 3058 818 3097 deformas.
846 3059 923 3097 quia
946 3058 1087 3088 tristitia
1112 3056 1263 3088 deformis
1288 3056 1379 3087 facit.

453 3114 606 3143 PORPH.
660 3116 713 3152 142)
741 3115 889 3144 conuiuas
915 3115 949 3144 R.
977 3115 1047 3145 rell.
1075 3114 1204 3145 contub.
1231 3131 1271 3136 —-
1296 3113 1380 3143 Vide
1404 3113 1446 3143 ad
1470 3112 1545 3142 Aer.
1570 3113 1735 3143 lectiones.
1753 3111 1824 3154 Βφι
1851 3120 1909 3141 nec
1922 3115 2064 3150 poterant
2089 3109 2174 3140 aliud

329 3170 428 3209 operis
453 3179 553 3209 aym-e,
581 3174 611 3198 ct
636 3170 700 3211 μὴ
727 3171 813 3200 aliud
836 3170 913 3200 nihil
937 3171 1037 3209 (nihil
1063 3170 1169 3209 aliud)
1195 3169 1248 3210 aqi
1266 3169 1370 3209 possit.
1398 3179 1458 3200 nec
1482 3170 1654 3209 quicquam
1680 3169 1727 3198 R2
1754 3172 1785 3197 et
1812 3168 1839 3203 Q
1865 3169 1920 3207 qui
1938 3168 1969 3197 h.
1988 3169 2008 3197 1.
2035 3166 2171 3197 ridicule

330 3228 506 3263 gloriatur:
545 3227 623 3256 ‘Nos
650 3227 816 3257 leuissima
842 3229 1031 3258 coniectura
1056 3228 1255 3259 correximus
1292 3227 1414 3258 codicis
1451 3227 1576 3266 seript.'
1608 3226 1815 3265 nequicquam
1849 3224 1925 3255 MG.
1966 3224 2169 3263 nequitquam

331 3293 376 3312 rv.
404 3285 556 3322 quoniam
583 3284 648 3320 ipsa
674 3283 758 3312 coelo
783 3284 887 3321 pluuia
913 3289 1057 3323 nequeant
1085 3284 1173 3314 alind
1204 3293 1295 3324 ayere
1319 3283 1386 3314 afh.
1420 3284 1489 3314 rell.
1525 3283 1678 3323 quoniam
1704 3282 1822 3313 caelum
1847 3281 1956 3318 (M‚1·v.
1983 3281 2076 3310 celum
2105 3280 2169 3318 R2)
