<?xml version="1.0" encoding="UTF-8"?>
<!DOCTYPE html PUBLIC "-//W3C//DTD XHTML 1.0 Transitional//EN"
    "http://www.w3.org/TR/xhtml1/DTD/xhtml1-transitional.dtd">
<html xmlns="http://www.w3.org/1999/xhtml" xml:lang="en" lang="en">
 <head>
  <title>
</title>
<meta http-equiv="Content-Type" content="text/html;charset=utf-8" />
  <meta name='ocr-system' content='tesseract 3.04.00' />
  <meta name='ocr-capabilities' content='ocr_page ocr_carea ocr_par ocr_line ocrx_word'/>
</head>
<body>
  <div class='ocr_page' id='page_1' title='image "acronisetporphyr01pseuuoft_0405.png"; bbox 0 0 2283 3535; ppageno 0'>
   <div class='ocr_carea' id='block_1_1' title="bbox 846 195 1952 238">
    <p class='ocr_par' dir='ltr' id='par_1_1' title="bbox 846 195 1952 238">
     <span class='ocr_line' id='line_1_1' title="bbox 846 195 1952 238; baseline 0.001 -8"><span class='ocrx_word' id='word_1_1' title='bbox 846 200 894 230; x_wconf 76' lang='lat' dir='ltr'>m</span> <span class='ocrx_word' id='word_1_2' title='bbox 920 200 1062 231; x_wconf 70' lang='lat' dir='ltr'>CARM</span> <span class='ocrx_word' id='word_1_3' title='bbox 1091 201 1153 238; x_wconf 78' lang='lat'>111,</span> <span class='ocrx_word' id='word_1_4' title='bbox 1180 205 1232 232; x_wconf 80' lang='lat'>30.</span> <span class='ocrx_word' id='word_1_5' title='bbox 1872 195 1952 235; x_wconf 72' lang='lat'>379</span> 
     </span>
    </p>
   </div>
   <div class='ocr_carea' id='block_1_2' title="bbox 126 322 1957 1695">
    <p class='ocr_par' dir='ltr' id='par_1_2' title="bbox 865 322 1214 364">
     <span class='ocr_line' id='line_1_2' title="bbox 865 322 1214 364; baseline 0 -1"><span class='ocrx_word' id='word_1_6' title='bbox 865 322 1214 364; x_wconf 30' lang='lat' dir='ltr'>PORJPHYRION.</span> 
     </span>
    </p>

    <p class='ocr_par' dir='ltr' id='par_1_3' title="bbox 128 394 1954 521">
     <span class='ocr_line' id='line_1_3' title="bbox 247 394 1954 449; baseline 0.004 -16"><span class='ocrx_word' id='word_1_7' title='bbox 247 394 376 447; x_wconf 72' lang='lat' dir='ltr'>Eoeeqe‘</span> <span class='ocrx_word' id='word_1_8' title='bbox 402 408 573 435; x_wconf 78' lang='lat' dir='ltr'>monam.</span> <span class='ocrx_word' id='word_1_9' title='bbox 607 409 664 434; x_wconf 86' lang='lat' dir='ltr'>ae.</span> <span class='ocrx_word' id='word_1_10' title='bbox 693 396 917 449; x_wconf 67' lang='lat' dir='ltr'>perennius.</span> <span class='ocrx_word' id='word_1_11' title='bbox 977 394 1097 435; x_wconf 84' lang='lat' dir='ltr'>Haec</span> <span class='ocrx_word' id='word_1_12' title='bbox 1129 395 1220 444; x_wconf 71' lang='lat' dir='ltr'>odo,</span> <span class='ocrx_word' id='word_1_13' title='bbox 1268 410 1349 448; x_wconf 83' lang='lat' dir='ltr'>qua</span> <span class='ocrx_word' id='word_1_14' title='bbox 1381 397 1524 437; x_wconf 78' lang='lat' dir='ltr'>tertius</span> <span class='ocrx_word' id='word_1_15' title='bbox 1555 398 1661 438; x_wconf 85' lang='lat' dir='ltr'>liber</span> <span class='ocrx_word' id='word_1_16' title='bbox 1692 413 1954 440; x_wconf 85' lang='lat' dir='ltr'>consumma-</span> 
     </span>
     <span class='ocr_line' id='line_1_4' title="bbox 128 466 1124 521; baseline 0.001 -15"><span class='ocrx_word' id='word_1_17' title='bbox 128 474 206 515; x_wconf 89' lang='lat' dir='ltr'>tur,</span> <span class='ocrx_word' id='word_1_18' title='bbox 239 466 280 506; x_wconf 89' lang='lat' dir='ltr'>in</span> <span class='ocrx_word' id='word_1_19' title='bbox 312 466 444 520; x_wconf 86' lang='lat' dir='ltr'>ipsius</span> <span class='ocrx_word' id='word_1_20' title='bbox 475 466 656 508; x_wconf 85' lang='lat' dir='ltr'>auctoris</span> <span class='ocrx_word' id='word_1_21' title='bbox 688 466 832 507; x_wconf 87' lang='lat' dir='ltr'>laudes</span> <span class='ocrx_word' id='word_1_22' title='bbox 865 466 1021 521; x_wconf 86' lang='lat' dir='ltr'>scripta</span> <span class='ocrx_word' id='word_1_23' title='bbox 1053 474 1124 507; x_wconf 82' lang='lat' dir='ltr'>est.</span> 
     </span>
    </p>

    <p class='ocr_par' dir='ltr' id='par_1_4' title="bbox 129 540 1955 742">
     <span class='ocr_line' id='line_1_5' title="bbox 242 540 1955 598; baseline 0.002 -19"><span class='ocrx_word' id='word_1_24' title='bbox 242 540 277 579; x_wconf 87' lang='lat'>2.</span> <span class='ocrx_word' id='word_1_25' title='bbox 312 540 469 595; x_wconf 73' lang='lat' dir='ltr'>reqale&#39;q.</span> <span class='ocrx_word' id='word_1_26' title='bbox 501 556 530 579; x_wconf 72' lang='lat' dir='ltr'>s.</span> <span class='ocrx_word' id='word_1_27' title='bbox 559 554 648 595; x_wconf 74' lang='lat' dir='ltr'>pyr.</span> <span class='ocrx_word' id='word_1_28' title='bbox 680 555 715 579; x_wconf 86' lang='lat' dir='ltr'>a.</span> <span class='ocrx_word' id='word_1_29' title='bbox 793 541 1026 595; x_wconf 74' lang='lat' dir='ltr'>Pyrana&#39;des</span> <span class='ocrx_word' id='word_1_30' title='bbox 1073 555 1217 595; x_wconf 77' lang='lat' dir='ltr'>regum</span> <span class='ocrx_word' id='word_1_31' title='bbox 1264 540 1577 597; x_wconf 69' lang='lat' dir='ltr'>Aegyptiorum</span> <span class='ocrx_word' id='word_1_32' title='bbox 1623 545 1815 598; x_wconf 85' lang='lat' dir='ltr'>sepulcra</span> <span class='ocrx_word' id='word_1_33' title='bbox 1861 551 1955 584; x_wconf 87' lang='lat' dir='ltr'>sunt</span> 
     </span>
     <span class='ocr_line' id='line_1_6' title="bbox 129 612 1952 670; baseline 0.002 -17"><span class='ocrx_word' id='word_1_34' title='bbox 129 612 232 653; x_wconf 87' lang='lat' dir='ltr'>adeo</span> <span class='ocrx_word' id='word_1_35' title='bbox 265 612 424 667; x_wconf 76' lang='lat' dir='ltr'>ingenti</span> <span class='ocrx_word' id='word_1_36' title='bbox 462 613 568 654; x_wconf 90' lang='lat' dir='ltr'>mole</span> <span class='ocrx_word' id='word_1_37' title='bbox 610 628 804 654; x_wconf 75' lang='lat' dir='ltr'>saxorum</span> <span class='ocrx_word' id='word_1_38' title='bbox 843 612 884 652; x_wconf 90' lang='lat' dir='ltr'>in</span> <span class='ocrx_word' id='word_1_39' title='bbox 924 612 1072 654; x_wconf 82' lang='lat' dir='ltr'>mediis</span> <span class='ocrx_word' id='word_1_40' title='bbox 1114 614 1281 655; x_wconf 86' lang='lat' dir='ltr'>harenis</span> <span class='ocrx_word' id='word_1_41' title='bbox 1321 613 1512 670; x_wconf 76' lang='lat' dir='ltr'>Aegypti</span> <span class='ocrx_word' id='word_1_42' title='bbox 1551 622 1719 666; x_wconf 87' lang='lat' dir='ltr'>structa,</span> <span class='ocrx_word' id='word_1_43' title='bbox 1766 623 1809 657; x_wconf 90' lang='lat' dir='ltr'>ut</span> <span class='ocrx_word' id='word_1_44' title='bbox 1846 617 1952 657; x_wconf 86' lang='lat' dir='ltr'>intcr</span> 
     </span>
     <span class='ocr_line' id='line_1_7' title="bbox 130 685 988 742; baseline 0 -16"><span class='ocrx_word' id='word_1_45' title='bbox 130 692 289 741; x_wconf 86' lang='lat' dir='ltr'>septem</span> <span class='ocrx_word' id='word_1_46' title='bbox 324 685 476 742; x_wconf 80' lang='lat' dir='ltr'>[orbis]</span> <span class='ocrx_word' id='word_1_47' title='bbox 510 685 712 726; x_wconf 89' lang='lat' dir='ltr'>miracula</span> <span class='ocrx_word' id='word_1_48' title='bbox 743 685 988 726; x_wconf 79' lang='lat' dir='ltr'>habeantur.</span> 
     </span>
    </p>

    <p class='ocr_par' dir='ltr' id='par_1_5' title="bbox 240 759 1229 815">
     <span class='ocr_line' id='line_1_8' title="bbox 240 759 1229 815; baseline 0.001 -16"><span class='ocrx_word' id='word_1_49' title='bbox 240 761 277 799; x_wconf 81' lang='lat'>3.</span> <span class='ocrx_word' id='word_1_50' title='bbox 311 774 389 800; x_wconf 75' lang='lat' dir='ltr'>non</span> <span class='ocrx_word' id='word_1_51' title='bbox 421 775 481 815; x_wconf 84' lang='lat' dir='ltr'>aq.</span> <span class='ocrx_word' id='word_1_52' title='bbox 513 761 717 815; x_wconf 73' lang='lat' dir='ltr'>impotens.</span> <span class='ocrx_word' id='word_1_53' title='bbox 777 759 881 800; x_wconf 89' lang='lat' dir='ltr'>Pro:</span> <span class='ocrx_word' id='word_1_54' title='bbox 915 759 1038 799; x_wconf 87' lang='lat' dir='ltr'>ualde</span> <span class='ocrx_word' id='word_1_55' title='bbox 1070 767 1229 813; x_wconf 89' lang='lat' dir='ltr'>potens.</span> 
     </span>
    </p>

    <p class='ocr_par' dir='ltr' id='par_1_6' title="bbox 134 831 1955 947">
     <span class='ocr_line' id='line_1_9' title="bbox 242 831 1955 889; baseline 0.002 -17"><span class='ocrx_word' id='word_1_56' title='bbox 242 834 277 872; x_wconf 88' lang='grc'>7.</span> <span class='ocrx_word' id='word_1_57' title='bbox 313 847 394 888; x_wconf 75' lang='lat' dir='ltr'>usq.</span> <span class='ocrx_word' id='word_1_58' title='bbox 426 848 494 887; x_wconf 71' lang='lat' dir='ltr'>eqo</span> <span class='ocrx_word' id='word_1_59' title='bbox 522 849 562 889; x_wconf 73' lang='lat' dir='ltr'>p.</span> <span class='ocrx_word' id='word_1_60' title='bbox 595 849 627 874; x_wconf 85' lang='lat' dir='ltr'>e.</span> <span class='ocrx_word' id='word_1_61' title='bbox 660 833 682 874; x_wconf 85' lang='lat' dir='ltr'>l.</span> <span class='ocrx_word' id='word_1_62' title='bbox 716 848 750 874; x_wconf 82' lang='lat' dir='ltr'>r.</span> <span class='ocrx_word' id='word_1_63' title='bbox 810 831 1056 887; x_wconf 81' lang='lat' dir='ltr'>Eleganter,</span> <span class='ocrx_word' id='word_1_64' title='bbox 1089 832 1188 886; x_wconf 89' lang='lat' dir='ltr'>quia</span> <span class='ocrx_word' id='word_1_65' title='bbox 1219 848 1384 887; x_wconf 78' lang='lat' dir='ltr'><strong>semper</strong></span> <span class='ocrx_word' id='word_1_66' title='bbox 1415 841 1520 885; x_wconf 87' lang='lat' dir='ltr'>sunt,</span> <span class='ocrx_word' id='word_1_67' title='bbox 1554 835 1705 889; x_wconf 84' lang='lat' dir='ltr'>quibus</span> <span class='ocrx_word' id='word_1_68' title='bbox 1736 835 1839 876; x_wconf 87' lang='lat' dir='ltr'>hacc</span> <span class='ocrx_word' id='word_1_69' title='bbox 1870 835 1955 876; x_wconf 86' lang='lat' dir='ltr'>clo-</span> 
     </span>
     <span class='ocr_line' id='line_1_10' title="bbox 134 905 758 947; baseline 0.002 -2"><span class='ocrx_word' id='word_1_70' title='bbox 134 905 243 946; x_wconf 82' lang='lat' dir='ltr'>cutio</span> <span class='ocrx_word' id='word_1_71' title='bbox 274 921 383 946; x_wconf 90' lang='lat' dir='ltr'>noua</span> <span class='ocrx_word' id='word_1_72' title='bbox 415 906 464 947; x_wconf 85' lang='lat' dir='ltr'>sit</span> <span class='ocrx_word' id='word_1_73' title='bbox 497 913 534 946; x_wconf 91' lang='lat' dir='ltr'>ct</span> <span class='ocrx_word' id='word_1_74' title='bbox 556 906 758 947; x_wconf 83' lang='lat' dir='ltr'>laudetur.</span> 
     </span>
    </p>

    <p class='ocr_par' dir='ltr' id='par_1_7' title="bbox 136 978 1951 1108">
     <span class='ocr_line' id='line_1_11' title="bbox 241 978 1951 1037; baseline 0.002 -18"><span class='ocrx_word' id='word_1_75' title='bbox 241 980 277 1019; x_wconf 79' lang='lat'>9.</span> <span class='ocrx_word' id='word_1_76' title='bbox 311 980 406 1020; x_wconf 82' lang='lat' dir='ltr'>dam</span> <span class='ocrx_word' id='word_1_77' title='bbox 442 980 675 1034; x_wconf 69' lang='lat' dir='ltr'>Capitolium</span> <span class='ocrx_word' id='word_1_78' title='bbox 709 980 885 1021; x_wconf 75' lang='lat' dir='ltr'>scandet.</span> <span class='ocrx_word' id='word_1_79' title='bbox 956 978 1060 1020; x_wconf 75' lang='lat' dir='ltr'>Tale</span> <span class='ocrx_word' id='word_1_80' title='bbox 1093 987 1153 1021; x_wconf 87' lang='lat' dir='ltr'>est</span> <span class='ocrx_word' id='word_1_81' title='bbox 1183 979 1287 1020; x_wconf 85' lang='lat' dir='ltr'>illud</span> <span class='ocrx_word' id='word_1_82' title='bbox 1330 982 1594 1035; x_wconf 65' lang='lat' dir='ltr'>l&#39;erqilt&#39;annm</span> <span class='ocrx_word' id='word_1_83' title='bbox 1627 981 1700 1037; x_wconf 88' lang='lat' dir='ltr'>(A.</span> <span class='ocrx_word' id='word_1_84' title='bbox 1723 980 1806 1032; x_wconf 88' lang='lat' dir='ltr'>IX,</span> <span class='ocrx_word' id='word_1_85' title='bbox 1829 984 1951 1037; x_wconf 77' lang='lat' dir='ltr'>44ss&gt;:</span> 
     </span>
     <span class='ocr_line' id='line_1_12' title="bbox 136 1051 1395 1108; baseline 0.002 -16"><span class='ocrx_word' id='word_1_86' title='bbox 136 1051 233 1093; x_wconf 80' lang='lat' dir='ltr'>Cum</span> <span class='ocrx_word' id='word_1_87' title='bbox 266 1053 406 1094; x_wconf 75' lang='lat' dir='ltr'>domas</span> <span class='ocrx_word' id='word_1_88' title='bbox 438 1056 592 1094; x_wconf 73' lang='lat' dir='ltr'>Aeneae</span> <span class='ocrx_word' id='word_1_89' title='bbox 624 1052 793 1108; x_wconf 68' lang='lat' dir='ltr'>Capitoli</span> <span class='ocrx_word' id='word_1_90' title='bbox 818 1053 1016 1094; x_wconf 52' lang='lat' dir='ltr'>‘immobile</span> <span class='ocrx_word' id='word_1_91' title='bbox 1047 1069 1191 1095; x_wconf 56' lang='lat' dir='ltr'>saecum</span> <span class='ocrx_word' id='word_1_92' title='bbox 1225 1056 1395 1095; x_wconf 70' lang='lat' dir='ltr'>Accolet.</span> 
     </span>
    </p>

    <p class='ocr_par' dir='ltr' id='par_1_8' title="bbox 242 1125 1665 1181">
     <span class='ocr_line' id='line_1_13' title="bbox 242 1125 1665 1181; baseline 0.002 -16"><span class='ocrx_word' id='word_1_93' title='bbox 242 1126 305 1166; x_wconf 79' lang='lat'>10.</span> <span class='ocrx_word' id='word_1_94' title='bbox 339 1126 518 1181; x_wconf 71' lang='lat' dir='ltr'>Aufidus.</span> <span class='ocrx_word' id='word_1_95' title='bbox 579 1125 758 1166; x_wconf 85' lang='lat' dir='ltr'>Flumen</span> <span class='ocrx_word' id='word_1_96' title='bbox 789 1125 987 1180; x_wconf 82' lang='lat' dir='ltr'>Apuliae,</span> <span class='ocrx_word' id='word_1_97' title='bbox 1020 1126 1062 1166; x_wconf 89' lang='lat' dir='ltr'>in</span> <span class='ocrx_word' id='word_1_98' title='bbox 1094 1141 1177 1180; x_wconf 86' lang='lat' dir='ltr'>qua</span> <span class='ocrx_word' id='word_1_99' title='bbox 1208 1126 1411 1168; x_wconf 81' lang='lat' dir='ltr'>Horatius</span> <span class='ocrx_word' id='word_1_100' title='bbox 1441 1135 1563 1168; x_wconf 87' lang='lat' dir='ltr'>natus</span> <span class='ocrx_word' id='word_1_101' title='bbox 1594 1137 1665 1169; x_wconf 86' lang='lat' dir='ltr'>est.</span> 
     </span>
    </p>

    <p class='ocr_par' dir='ltr' id='par_1_9' title="bbox 126 1199 1955 1387">
     <span class='ocr_line' id='line_1_14' title="bbox 242 1199 1954 1256; baseline 0.001 -17"><span class='ocrx_word' id='word_1_102' title='bbox 242 1200 305 1240; x_wconf 90' lang='lat'>11.</span> <span class='ocrx_word' id='word_1_103' title='bbox 339 1208 373 1240; x_wconf 82' lang='lat' dir='ltr'>e!</span> <span class='ocrx_word' id='word_1_104' title='bbox 404 1214 436 1254; x_wconf 87' lang='lat' dir='ltr'>q.</span> <span class='ocrx_word' id='word_1_105' title='bbox 462 1216 504 1255; x_wconf 74' lang='lat' dir='ltr'>p.</span> <span class='ocrx_word' id='word_1_106' title='bbox 538 1216 573 1240; x_wconf 80' lang='lat' dir='ltr'>a.</span> <span class='ocrx_word' id='word_1_107' title='bbox 608 1200 782 1240; x_wconf 75' lang='lat' dir='ltr'>Daunus</span> <span class='ocrx_word' id='word_1_108' title='bbox 815 1213 901 1252; x_wconf 63' lang='grc' dir='ltr'><strong>αρν.</strong></span> <span class='ocrx_word' id='word_1_109' title='bbox 933 1202 1119 1254; x_wconf 45' lang='lat' dir='ltr'>requam?</span> <span class='ocrx_word' id='word_1_110' title='bbox 1145 1216 1236 1256; x_wconf 76' lang='lat' dir='ltr'>pop.</span> <span class='ocrx_word' id='word_1_111' title='bbox 1296 1199 1476 1241; x_wconf 80' lang='lat' dir='ltr'>Daunus</span> <span class='ocrx_word' id='word_1_112' title='bbox 1507 1201 1549 1241; x_wconf 88' lang='lat' dir='ltr'>in</span> <span class='ocrx_word' id='word_1_113' title='bbox 1567 1200 1726 1255; x_wconf 85' lang='lat' dir='ltr'>Apulia</span> <span class='ocrx_word' id='word_1_114' title='bbox 1747 1201 1954 1256; x_wconf 79' lang='lat' dir='ltr'>regnauit,</span> 
     </span>
     <span class='ocr_line' id='line_1_15' title="bbox 127 1271 1955 1330; baseline 0.001 -17"><span class='ocrx_word' id='word_1_115' title='bbox 127 1287 152 1312; x_wconf 86' lang='lat' dir='ltr'>a</span> <span class='ocrx_word' id='word_1_116' title='bbox 183 1272 300 1314; x_wconf 86' lang='lat' dir='ltr'>cuius</span> <span class='ocrx_word' id='word_1_117' title='bbox 331 1273 499 1314; x_wconf 91' lang='lat' dir='ltr'>nomine</span> <span class='ocrx_word' id='word_1_118' title='bbox 528 1273 681 1313; x_wconf 87' lang='lat' dir='ltr'>fluuius</span> <span class='ocrx_word' id='word_1_119' title='bbox 712 1271 948 1327; x_wconf 86' lang='lat' dir='ltr'>appellatus</span> <span class='ocrx_word' id='word_1_120' title='bbox 979 1279 1052 1322; x_wconf 87' lang='lat' dir='ltr'>est,</span> <span class='ocrx_word' id='word_1_121' title='bbox 1087 1273 1157 1327; x_wconf 88' lang='lat' dir='ltr'>qui</span> <span class='ocrx_word' id='word_1_122' title='bbox 1185 1289 1344 1329; x_wconf 72' lang='lat' dir='ltr'>pauper</span> <span class='ocrx_word' id='word_1_123' title='bbox 1376 1289 1502 1330; x_wconf 61' lang='lat' dir='ltr'>siquae</span> <span class='ocrx_word' id='word_1_124' title='bbox 1520 1274 1685 1324; x_wconf 85' lang='lat' dir='ltr'>dicitur,</span> <span class='ocrx_word' id='word_1_125' title='bbox 1718 1274 1816 1329; x_wconf 87' lang='lat' dir='ltr'>quia</span> <span class='ocrx_word' id='word_1_126' title='bbox 1832 1273 1955 1329; x_wconf 92' lang='lat' dir='ltr'>Apu-</span> 
     </span>
     <span class='ocr_line' id='line_1_16' title="bbox 126 1345 988 1387; baseline 0.001 -2"><span class='ocrx_word' id='word_1_127' title='bbox 126 1345 183 1386; x_wconf 85' lang='lat' dir='ltr'>lia</span> <span class='ocrx_word' id='word_1_128' title='bbox 214 1346 426 1387; x_wconf 86' lang='lat' dir='ltr'>siticulosa</span> <span class='ocrx_word' id='word_1_129' title='bbox 457 1353 518 1387; x_wconf 90' lang='lat' dir='ltr'>est</span> <span class='ocrx_word' id='word_1_130' title='bbox 549 1346 601 1387; x_wconf 90' lang='lat' dir='ltr'>ob</span> <span class='ocrx_word' id='word_1_131' title='bbox 632 1345 785 1386; x_wconf 89' lang='lat' dir='ltr'>nimios</span> <span class='ocrx_word' id='word_1_132' title='bbox 813 1345 988 1386; x_wconf 85' lang='lat' dir='ltr'>calores.</span> 
     </span>
    </p>

    <p class='ocr_par' dir='ltr' id='par_1_10' title="bbox 129 1417 1956 1549">
     <span class='ocr_line' id='line_1_17' title="bbox 240 1417 1956 1476; baseline -0.001 -15"><span class='ocrx_word' id='word_1_133' title='bbox 240 1429 385 1475; x_wconf 69' lang='lat' dir='ltr'>ayrest.</span> <span class='ocrx_word' id='word_1_134' title='bbox 418 1421 604 1475; x_wconf 69' lang='lat' dir='ltr'>reqnauz&#39;t</span> <span class='ocrx_word' id='word_1_135' title='bbox 626 1434 721 1476; x_wconf 76' lang='lat' dir='ltr'>pop.</span> <span class='ocrx_word' id='word_1_136' title='bbox 798 1417 1053 1460; x_wconf 87' lang='lat' dir='ltr'>Adnotanda</span> <span class='ocrx_word' id='word_1_137' title='bbox 1085 1418 1263 1460; x_wconf 76' lang='lat' dir='ltr'>elocutio</span> <span class='ocrx_word' id='word_1_138' title='bbox 1297 1419 1443 1476; x_wconf 86' lang='lat' dir='ltr'>[quae]</span> <span class='ocrx_word' id='word_1_139' title='bbox 1477 1434 1553 1475; x_wconf 91' lang='lat' dir='ltr'>per</span> <span class='ocrx_word' id='word_1_140' title='bbox 1584 1420 1817 1476; x_wconf 80' lang='lat' dir='ltr'>genitiuum</span> <span class='ocrx_word' id='word_1_141' title='bbox 1849 1421 1956 1476; x_wconf 80' lang='lat' dir='ltr'>figu-</span> 
     </span>
     <span class='ocr_line' id='line_1_18' title="bbox 129 1492 366 1549; baseline -0.004 -15"><span class='ocrx_word' id='word_1_142' title='bbox 129 1499 220 1534; x_wconf 85' lang='lat' dir='ltr'>rata</span> <span class='ocrx_word' id='word_1_143' title='bbox 253 1492 366 1549; x_wconf 70' lang='lat' dir='ltr'>[est]</span> 
     </span>
    </p>

    <p class='ocr_par' dir='ltr' id='par_1_11' title="bbox 126 1564 1957 1695">
     <span class='ocr_line' id='line_1_19' title="bbox 240 1564 1957 1622; baseline 0.001 -16"><span class='ocrx_word' id='word_1_144' title='bbox 240 1568 304 1607; x_wconf 89' lang='lat'>12.</span> <span class='ocrx_word' id='word_1_145' title='bbox 338 1582 389 1607; x_wconf 64' lang='lat' dir='ltr'>eae</span> <span class='ocrx_word' id='word_1_146' title='bbox 419 1566 525 1608; x_wconf 76' lang='lat' dir='ltr'>hum.</span> <span class='ocrx_word' id='word_1_147' title='bbox 549 1581 592 1622; x_wconf 80' lang='lat' dir='ltr'>p.</span> <span class='ocrx_word' id='word_1_148' title='bbox 639 1564 869 1615; x_wconf 83' lang='lat' dir='ltr'>Gloriatur,</span> <span class='ocrx_word' id='word_1_149' title='bbox 901 1565 1097 1607; x_wconf 87' lang='lat' dir='ltr'>libertino</span> <span class='ocrx_word' id='word_1_150' title='bbox 1129 1573 1247 1620; x_wconf 87' lang='lat' dir='ltr'>patre</span> <span class='ocrx_word' id='word_1_151' title='bbox 1278 1572 1421 1608; x_wconf 91' lang='lat' dir='ltr'>natum</span> <span class='ocrx_word' id='word_1_152' title='bbox 1453 1581 1496 1608; x_wconf 86' lang='lat' dir='ltr'>se</span> <span class='ocrx_word' id='word_1_153' title='bbox 1518 1567 1569 1608; x_wconf 84' lang='lat' dir='ltr'>ad</span> <span class='ocrx_word' id='word_1_154' title='bbox 1599 1573 1758 1608; x_wconf 85' lang='lat' dir='ltr'>tantam</span> <span class='ocrx_word' id='word_1_155' title='bbox 1789 1567 1957 1608; x_wconf 85' lang='lat' dir='ltr'>clarita-</span> 
     </span>
     <span class='ocr_line' id='line_1_20' title="bbox 126 1639 761 1695; baseline 0 -15"><span class='ocrx_word' id='word_1_156' title='bbox 126 1646 209 1681; x_wconf 88' lang='lat' dir='ltr'>tem</span> <span class='ocrx_word' id='word_1_157' title='bbox 242 1639 473 1681; x_wconf 86' lang='lat' dir='ltr'>studiorum</span> <span class='ocrx_word' id='word_1_158' title='bbox 505 1639 761 1695; x_wconf 85' lang='lat' dir='ltr'>peruenisse.</span> 
     </span>
    </p>
   </div>
   <div class='ocr_carea' id='block_1_3' title="bbox 242 1711 1990 1769">
    <p class='ocr_par' dir='ltr' id='par_1_12' title="bbox 242 1711 1990 1769">
     <span class='ocr_line' id='line_1_21' title="bbox 242 1711 1990 1769; baseline 0.001 -15"><span class='ocrx_word' id='word_1_159' title='bbox 242 1714 292 1754; x_wconf 85' lang='lat'>13</span> <span class='ocrx_word' id='word_1_160' title='bbox 324 1714 420 1755; x_wconf 83' lang='lat' dir='ltr'>aeol.</span> <span class='ocrx_word' id='word_1_161' title='bbox 455 1730 486 1755; x_wconf 82' lang='lat' dir='ltr'>c.</span> <span class='ocrx_word' id='word_1_162' title='bbox 519 1730 554 1755; x_wconf 85' lang='lat' dir='ltr'>a.</span> <span class='ocrx_word' id='word_1_163' title='bbox 589 1715 611 1754; x_wconf 73' lang='lat' dir='ltr'>i.</span> <span class='ocrx_word' id='word_1_164' title='bbox 636 1715 722 1755; x_wconf 75' lang='lat' dir='ltr'>cled.</span> <span class='ocrx_word' id='word_1_165' title='bbox 747 1729 795 1754; x_wconf 85' lang='lat' dir='ltr'>m.</span> <span class='ocrx_word' id='word_1_166' title='bbox 854 1713 1035 1754; x_wconf 85' lang='lat' dir='ltr'>Aeolide</span> <span class='ocrx_word' id='word_1_167' title='bbox 1068 1711 1246 1753; x_wconf 85' lang='lat' dir='ltr'>dialecto</span> <span class='ocrx_word' id='word_1_168' title='bbox 1270 1711 1467 1762; x_wconf 80' lang='lat' dir='ltr'>Alcaeus,</span> <span class='ocrx_word' id='word_1_169' title='bbox 1500 1713 1656 1767; x_wconf 87' lang='lat' dir='ltr'>lyricus</span> <span class='ocrx_word' id='word_1_170' title='bbox 1689 1720 1826 1769; x_wconf 88' lang='lat' dir='ltr'>poeta,</span> <span class='ocrx_word' id='word_1_171' title='bbox 1859 1729 1990 1755; x_wconf 80' lang='lat' dir='ltr'>usus·</span> 
     </span>
    </p>
   </div>
   <div class='ocr_carea' id='block_1_4' title="bbox 127 1785 1962 2209">
    <p class='ocr_par' dir='ltr' id='par_1_13' title="bbox 127 1785 1959 1916">
     <span class='ocr_line' id='line_1_22' title="bbox 128 1785 1959 1844; baseline 0.001 -17"><span class='ocrx_word' id='word_1_172' title='bbox 128 1793 199 1828; x_wconf 87' lang='lat' dir='ltr'>est.</span> <span class='ocrx_word' id='word_1_173' title='bbox 275 1786 471 1829; x_wconf 79' lang='lat' dir='ltr'>Testatur</span> <span class='ocrx_word' id='word_1_174' title='bbox 502 1803 603 1844; x_wconf 78' lang='lat' dir='ltr'>ergo</span> <span class='ocrx_word' id='word_1_175' title='bbox 635 1802 678 1829; x_wconf 88' lang='lat' dir='ltr'>se</span> <span class='ocrx_word' id='word_1_176' title='bbox 708 1787 913 1829; x_wconf 84' lang='lat' dir='ltr'>Horatius</span> <span class='ocrx_word' id='word_1_177' title='bbox 946 1785 1103 1828; x_wconf 85' lang='lat' dir='ltr'>Graeci</span> <span class='ocrx_word' id='word_1_178' title='bbox 1135 1786 1333 1827; x_wconf 79' lang='lat' dir='ltr'>carminis</span> <span class='ocrx_word' id='word_1_179' title='bbox 1364 1786 1669 1828; x_wconf 79' lang='lat' dir='ltr'>modulationes</span> <span class='ocrx_word' id='word_1_180' title='bbox 1700 1787 1884 1842; x_wconf 87' lang='lat' dir='ltr'>primum</span> <span class='ocrx_word' id='word_1_181' title='bbox 1916 1787 1959 1827; x_wconf 92' lang='lat' dir='ltr'>in</span> 
     </span>
     <span class='ocr_line' id='line_1_23' title="bbox 127 1859 816 1916; baseline 0.001 -16"><span class='ocrx_word' id='word_1_182' title='bbox 127 1859 325 1901; x_wconf 80' lang='lat' dir='ltr'>Latinam</span> <span class='ocrx_word' id='word_1_183' title='bbox 358 1860 548 1916; x_wconf 83' lang='lat' dir='ltr'>linguam</span> <span class='ocrx_word' id='word_1_184' title='bbox 580 1861 816 1902; x_wconf 88' lang='lat' dir='ltr'>contulisse.</span> 
     </span>
    </p>

    <p class='ocr_par' dir='ltr' id='par_1_14' title="bbox 129 1932 1962 2209">
     <span class='ocr_line' id='line_1_24' title="bbox 243 1932 1959 1990; baseline 0 -16"><span class='ocrx_word' id='word_1_185' title='bbox 243 1935 306 1975; x_wconf 86' lang='lat'>15.</span> <span class='ocrx_word' id='word_1_186' title='bbox 339 1951 368 1975; x_wconf 78' lang='lat' dir='ltr'>s.</span> <span class='ocrx_word' id='word_1_187' title='bbox 407 1951 436 1975; x_wconf 79' lang='lat' dir='ltr'>s.</span> <span class='ocrx_word' id='word_1_188' title='bbox 474 1939 695 1990; x_wconf 70' lang='lat' dir='ltr'>quaesitam</span> <span class='ocrx_word' id='word_1_189' title='bbox 730 1948 825 1975; x_wconf 77' lang='lat' dir='ltr'>mer.</span> <span class='ocrx_word' id='word_1_190' title='bbox 907 1932 978 1973; x_wconf 80' lang='lat' dir='ltr'>Ad</span> <span class='ocrx_word' id='word_1_191' title='bbox 1016 1932 1186 1974; x_wconf 88' lang='lat' dir='ltr'>Musam</span> <span class='ocrx_word' id='word_1_192' title='bbox 1226 1933 1326 1974; x_wconf 86' lang='lat' dir='ltr'>dicit</span> <span class='ocrx_word' id='word_1_193' title='bbox 1367 1948 1416 1974; x_wconf 86' lang='lat' dir='ltr'>ac</span> <span class='ocrx_word' id='word_1_194' title='bbox 1453 1947 1529 1988; x_wconf 87' lang='lat' dir='ltr'>per</span> <span class='ocrx_word' id='word_1_195' title='bbox 1564 1933 1643 1975; x_wconf 93' lang='lat' dir='ltr'>hoc</span> <span class='ocrx_word' id='word_1_196' title='bbox 1684 1933 1739 1974; x_wconf 85' lang='lat' dir='ltr'>ad</span> <span class='ocrx_word' id='word_1_197' title='bbox 1776 1934 1959 1975; x_wconf 84' lang='lat' dir='ltr'>studium</span> 
     </span>
     <span class='ocr_line' id='line_1_25' title="bbox 129 2005 1962 2063; baseline 0.001 -16"><span class='ocrx_word' id='word_1_198' title='bbox 129 2021 260 2048; x_wconf 87' lang='lat' dir='ltr'>suum.</span> <span class='ocrx_word' id='word_1_199' title='bbox 320 2005 513 2063; x_wconf 82' lang='lat' dir='ltr'>Adroga,</span> <span class='ocrx_word' id='word_1_200' title='bbox 546 2007 694 2062; x_wconf 84' lang='lat' dir='ltr'>inquit,</span> <span class='ocrx_word' id='word_1_201' title='bbox 727 2007 803 2048; x_wconf 88' lang='lat' dir='ltr'>tibi</span> <span class='ocrx_word' id='word_1_202' title='bbox 835 2007 1014 2063; x_wconf 84' lang='lat' dir='ltr'>gloriam</span> <span class='ocrx_word' id='word_1_203' title='bbox 1046 2006 1238 2047; x_wconf 88' lang='lat' dir='ltr'>libertate</span> <span class='ocrx_word' id='word_1_204' title='bbox 1268 2006 1431 2062; x_wconf 82' lang='lat' dir='ltr'>ingenii</span> <span class='ocrx_word' id='word_1_205' title='bbox 1463 2006 1707 2061; x_wconf 85' lang='lat' dir='ltr'>quaesitam.</span> <span class='ocrx_word' id='word_1_206' title='bbox 1782 2008 1834 2048; x_wconf 76' lang='lat' dir='ltr'>Et</span> <span class='ocrx_word' id='word_1_207' title='bbox 1864 2008 1962 2048; x_wconf 64' lang='lat' dir='ltr'>mila·</span> 
     </span>
     <span class='ocr_line' id='line_1_26' title="bbox 129 2079 1958 2137; baseline 0 -17"><span class='ocrx_word' id='word_1_208' title='bbox 129 2080 324 2136; x_wconf 67' lang='lat' dir='ltr'>Delphica</span> <span class='ocrx_word' id='word_1_209' title='bbox 346 2081 466 2122; x_wconf 82' lang='lat' dir='ltr'>lauro</span> <span class='ocrx_word' id='word_1_210' title='bbox 495 2083 604 2136; x_wconf 66' lang='lat' dir='ltr'>ce&#39;nqe</span> <span class='ocrx_word' id='word_1_211' title='bbox 625 2096 689 2122; x_wconf 76' lang='lat' dir='ltr'>uo.</span> <span class='ocrx_word' id='word_1_212' title='bbox 723 2082 841 2137; x_wconf 73' lang='lat' dir='ltr'>Melp.</span> <span class='ocrx_word' id='word_1_213' title='bbox 874 2096 971 2122; x_wconf 82' lang='lat' dir='ltr'>com.</span> <span class='ocrx_word' id='word_1_214' title='bbox 1034 2080 1226 2136; x_wconf 72' lang='lat' dir='ltr'>Delphica</span> <span class='ocrx_word' id='word_1_215' title='bbox 1259 2082 1404 2122; x_wconf 78' lang='lat' dir='ltr'>laurus</span> <span class='ocrx_word' id='word_1_216' title='bbox 1434 2080 1600 2130; x_wconf 86' lang='lat' dir='ltr'>dicitur,</span> <span class='ocrx_word' id='word_1_217' title='bbox 1637 2080 1735 2134; x_wconf 86' lang='lat' dir='ltr'>quia</span> <span class='ocrx_word' id='word_1_218' title='bbox 1765 2079 1958 2135; x_wconf 89' lang='lat' dir='ltr'>Apollini</span> 
     </span>
     <span class='ocr_line' id='line_1_27' title="bbox 129 2152 1957 2209; baseline 0.001 -16"><span class='ocrx_word' id='word_1_219' title='bbox 129 2159 250 2208; x_wconf 85' lang='lat' dir='ltr'>grata</span> <span class='ocrx_word' id='word_1_220' title='bbox 280 2159 353 2203; x_wconf 85' lang='lat' dir='ltr'>est,</span> <span class='ocrx_word' id='word_1_221' title='bbox 399 2153 471 2208; x_wconf 85' lang='lat' dir='ltr'>qui</span> <span class='ocrx_word' id='word_1_222' title='bbox 502 2153 739 2209; x_wconf 90' lang='lat' dir='ltr'>Delphicus</span> <span class='ocrx_word' id='word_1_223' title='bbox 777 2154 1014 2209; x_wconf 86' lang='lat' dir='ltr'>appellatur</span> <span class='ocrx_word' id='word_1_224' title='bbox 1044 2153 1096 2194; x_wconf 90' lang='lat' dir='ltr'>ab</span> <span class='ocrx_word' id='word_1_225' title='bbox 1127 2152 1231 2194; x_wconf 86' lang='lat' dir='ltr'>urbe</span> <span class='ocrx_word' id='word_1_226' title='bbox 1262 2153 1457 2209; x_wconf 78' lang='lat' dir='ltr'>Delphis,</span> <span class='ocrx_word' id='word_1_227' title='bbox 1505 2168 1611 2208; x_wconf 89' lang='lat' dir='ltr'>quae</span> <span class='ocrx_word' id='word_1_228' title='bbox 1643 2161 1704 2195; x_wconf 86' lang='lat' dir='ltr'>est</span> <span class='ocrx_word' id='word_1_229' title='bbox 1743 2153 1819 2195; x_wconf 83' lang='lat' dir='ltr'>sub</span> <span class='ocrx_word' id='word_1_230' title='bbox 1850 2152 1957 2194; x_wconf 85' lang='lat' dir='ltr'>Par-</span> 
     </span>
    </p>
   </div>
   <div class='ocr_carea' id='block_1_5' title="bbox 128 2226 988 2277">
    <p class='ocr_par' dir='ltr' id='par_1_15' title="bbox 128 2226 988 2277">
     <span class='ocr_line' id='line_1_28' title="bbox 128 2226 988 2277; baseline 0.001 -11"><span class='ocrx_word' id='word_1_231' title='bbox 128 2241 231 2268; x_wconf 86' lang='lat' dir='ltr'>naso</span> <span class='ocrx_word' id='word_1_232' title='bbox 261 2233 414 2277; x_wconf 90' lang='lat' dir='ltr'>monte,</span> <span class='ocrx_word' id='word_1_233' title='bbox 446 2226 519 2268; x_wconf 90' lang='lat' dir='ltr'>ubi</span> <span class='ocrx_word' id='word_1_234' title='bbox 550 2227 766 2268; x_wconf 86' lang='lat' dir='ltr'>oraculum</span> <span class='ocrx_word' id='word_1_235' title='bbox 797 2227 885 2269; x_wconf 86' lang='lat' dir='ltr'>eius</span> <span class='ocrx_word' id='word_1_236' title='bbox 916 2234 988 2268; x_wconf 91' lang='lat' dir='ltr'>est.</span> 
     </span>
    </p>
   </div>
   <div class='ocr_carea' id='block_1_6' title="bbox 130 2300 1959 2739">
    <p class='ocr_par' dir='ltr' id='par_1_16' title="bbox 130 2300 1959 2739">
     <span class='ocr_line' id='line_1_29' title="bbox 243 2300 1958 2344; baseline 0 -13"><span class='ocrx_word' id='word_1_237' title='bbox 243 2302 397 2332; x_wconf 84' lang='lat' dir='ltr'>PORPH.</span> <span class='ocrx_word' id='word_1_238' title='bbox 448 2303 517 2332; x_wconf 80' lang='lat' dir='ltr'>Ode</span> <span class='ocrx_word' id='word_1_239' title='bbox 543 2303 748 2333; x_wconf 83' lang='lat' dir='ltr'>LXXXVIII.</span> <span class='ocrx_word' id='word_1_240' title='bbox 776 2304 818 2332; x_wconf 89' lang='lat' dir='ltr'>in.</span> <span class='ocrx_word' id='word_1_241' title='bbox 847 2304 907 2332; x_wconf 88' lang='lat' dir='ltr'>sui.</span> <span class='ocrx_word' id='word_1_242' title='bbox 934 2303 1048 2341; x_wconf 75' lang='lat' dir='ltr'>ipsius.</span> <span class='ocrx_word' id='word_1_243' title='bbox 1074 2304 1213 2333; x_wconf 78' lang='lat' dir='ltr'>laudem.</span> <span class='ocrx_word' id='word_1_244' title='bbox 1240 2303 1275 2332; x_wconf 79' lang='lat' dir='ltr'>R.</span> <span class='ocrx_word' id='word_1_245' title='bbox 1303 2304 1371 2332; x_wconf 81' lang='lat' dir='ltr'>Hac</span> <span class='ocrx_word' id='word_1_246' title='bbox 1396 2303 1429 2331; x_wconf 90' lang='lat' dir='ltr'>M</span> <span class='ocrx_word' id='word_1_247' title='bbox 1455 2305 1484 2332; x_wconf 84' lang='lat'>2.</span> <span class='ocrx_word' id='word_1_248' title='bbox 1517 2300 1585 2344; x_wconf 61' lang='lat' dir='ltr'>‹ua-r,</span> <span class='ocrx_word' id='word_1_249' title='bbox 1620 2307 1728 2341; x_wconf 67' lang='lat' dir='ltr'>quater</span> <span class='ocrx_word' id='word_1_250' title='bbox 1760 2302 1822 2332; x_wconf 72' lang='lat' dir='ltr'>eius</span> <span class='ocrx_word' id='word_1_251' title='bbox 1846 2303 1889 2331; x_wconf 91' lang='lat' dir='ltr'>M.</span> <span class='ocrx_word' id='word_1_252' title='bbox 1916 2320 1958 2323; x_wconf 31' lang='grc' dir='ltr'>-Ἀ</span> 
     </span>
     <span class='ocr_line' id='line_1_30' title="bbox 133 2358 1958 2398; baseline -0.001 -10"><span class='ocrx_word' id='word_1_253' title='bbox 133 2364 331 2389; x_wconf 78' lang='lat' dir='ltr'>consumatur</span> <span class='ocrx_word' id='word_1_254' title='bbox 348 2359 434 2396; x_wconf 79' lang='lat' dir='ltr'>R,rv.</span> <span class='ocrx_word' id='word_1_255' title='bbox 454 2360 652 2389; x_wconf 70' lang='lat' dir='ltr'>eonsumitur</span> <span class='ocrx_word' id='word_1_256' title='bbox 679 2361 706 2389; x_wconf 90' lang='lat'>2.</span> <span class='ocrx_word' id='word_1_257' title='bbox 758 2360 792 2398; x_wconf 88' lang='lat'>3)</span> <span class='ocrx_word' id='word_1_258' title='bbox 820 2360 926 2388; x_wconf 84' lang='lat' dir='ltr'>laudes</span> <span class='ocrx_word' id='word_1_259' title='bbox 944 2360 1015 2388; x_wconf 79' lang='lat' dir='ltr'>MR.</span> <span class='ocrx_word' id='word_1_260' title='bbox 1036 2360 1105 2389; x_wconf 83' lang='lat' dir='ltr'>rell.</span> <span class='ocrx_word' id='word_1_261' title='bbox 1125 2360 1256 2389; x_wconf 77' lang='lat' dir='ltr'>laudem.</span> <span class='ocrx_word' id='word_1_262' title='bbox 1284 2361 1384 2397; x_wconf 77' lang='lat' dir='ltr'>ipsius</span> <span class='ocrx_word' id='word_1_263' title='bbox 1399 2370 1459 2389; x_wconf 88' lang='lat' dir='ltr'>om.</span> <span class='ocrx_word' id='word_1_264' title='bbox 1481 2361 1509 2388; x_wconf 84' lang='lat'>2.</span> <span class='ocrx_word' id='word_1_265' title='bbox 1537 2359 1653 2388; x_wconf 74' lang='lat' dir='ltr'>scribta</span> <span class='ocrx_word' id='word_1_266' title='bbox 1670 2359 1712 2388; x_wconf 88' lang='lat' dir='ltr'>M.</span> <span class='ocrx_word' id='word_1_267' title='bbox 1762 2358 1797 2397; x_wconf 81' lang='lat'>4)</span> <span class='ocrx_word' id='word_1_268' title='bbox 1824 2359 1958 2396; x_wconf 66' lang='lat' dir='ltr'>aegipto-</span> 
     </span>
     <span class='ocr_line' id='line_1_31' title="bbox 130 2416 1958 2455; baseline 0 -11"><span class='ocrx_word' id='word_1_269' title='bbox 130 2425 198 2445; x_wconf 87' lang='lat' dir='ltr'>rum</span> <span class='ocrx_word' id='word_1_270' title='bbox 222 2416 265 2444; x_wconf 87' lang='grc' dir='ltr'>Μ.</span> <span class='ocrx_word' id='word_1_271' title='bbox 297 2417 403 2445; x_wconf 86' lang='lat' dir='ltr'>arenis</span> <span class='ocrx_word' id='word_1_272' title='bbox 429 2416 495 2445; x_wconf 86' lang='lat' dir='ltr'>afh.</span> <span class='ocrx_word' id='word_1_273' title='bbox 554 2417 588 2455; x_wconf 84' lang='lat'>6)</span> <span class='ocrx_word' id='word_1_274' title='bbox 614 2417 701 2446; x_wconf 84' lang='lat' dir='ltr'>orbis</span> <span class='ocrx_word' id='word_1_275' title='bbox 738 2416 785 2446; x_wconf 81' lang='lat' dir='ltr'>fh.</span> <span class='ocrx_word' id='word_1_276' title='bbox 824 2417 934 2445; x_wconf 81' lang='lat' dir='ltr'>mundi</span> <span class='ocrx_word' id='word_1_277' title='bbox 972 2426 1001 2446; x_wconf 82' lang='lat' dir='ltr'>a.</span> <span class='ocrx_word' id='word_1_278' title='bbox 1042 2417 1109 2445; x_wconf 84' lang='lat' dir='ltr'>rell.</span> <span class='ocrx_word' id='word_1_279' title='bbox 1148 2427 1208 2446; x_wconf 87' lang='lat' dir='ltr'>om.</span> <span class='ocrx_word' id='word_1_280' title='bbox 1271 2417 1305 2454; x_wconf 82' lang='lat'>8)</span> <span class='ocrx_word' id='word_1_281' title='bbox 1333 2417 1464 2445; x_wconf 78' lang='lat' dir='ltr'>elocutio</span> <span class='ocrx_word' id='word_1_282' title='bbox 1490 2416 1629 2454; x_wconf 75' lang='lat' dir='ltr'>MR,af11.</span> <span class='ocrx_word' id='word_1_283' title='bbox 1656 2416 1814 2454; x_wconf 75' lang='lat' dir='ltr'>eloqautio</span> <span class='ocrx_word' id='word_1_284' title='bbox 1839 2426 1885 2444; x_wconf 79' lang='lat' dir='ltr'>rv.</span> <span class='ocrx_word' id='word_1_285' title='bbox 1913 2416 1958 2444; x_wconf 85' lang='lat' dir='ltr'>lo-</span> 
     </span>
     <span class='ocr_line' id='line_1_32' title="bbox 130 2471 1957 2510; baseline -0.001 -9"><span class='ocrx_word' id='word_1_286' title='bbox 130 2473 215 2502; x_wconf 85' lang='lat' dir='ltr'>cutio</span> <span class='ocrx_word' id='word_1_287' title='bbox 242 2472 335 2507; x_wconf 76' lang='lat' dir='ltr'>2GQ.</span> <span class='ocrx_word' id='word_1_288' title='bbox 363 2471 443 2502; x_wconf 85' lang='lat' dir='ltr'>conf.</span> <span class='ocrx_word' id='word_1_289' title='bbox 469 2471 535 2501; x_wconf 79' lang='lat' dir='ltr'>Cic.</span> <span class='ocrx_word' id='word_1_290' title='bbox 562 2472 637 2501; x_wconf 84' lang='lat' dir='ltr'>Jnu.</span> <span class='ocrx_word' id='word_1_291' title='bbox 663 2472 689 2508; x_wconf 89' lang='lat' dir='ltr'>I,</span> <span class='ocrx_word' id='word_1_292' title='bbox 717 2474 745 2501; x_wconf 80' lang='lat'>7.</span> <span class='ocrx_word' id='word_1_293' title='bbox 793 2472 891 2502; x_wconf 90' lang='lat' dir='ltr'>Auct.</span> <span class='ocrx_word' id='word_1_294' title='bbox 917 2473 957 2501; x_wconf 80' lang='lat' dir='ltr'>ad</span> <span class='ocrx_word' id='word_1_295' title='bbox 983 2473 1060 2502; x_wconf 86' lang='lat' dir='ltr'>Her.</span> <span class='ocrx_word' id='word_1_296' title='bbox 1087 2473 1141 2510; x_wconf 84' lang='lat' dir='ltr'>IV,</span> <span class='ocrx_word' id='word_1_297' title='bbox 1172 2474 1221 2502; x_wconf 89' lang='lat'>12.</span> <span class='ocrx_word' id='word_1_298' title='bbox 1251 2473 1388 2508; x_wconf 84' lang='lat' dir='ltr'>Quintil.</span> <span class='ocrx_word' id='word_1_299' title='bbox 1406 2473 1447 2509; x_wconf 79' lang='grc' dir='ltr'>ΙΙ,</span> <span class='ocrx_word' id='word_1_300' title='bbox 1477 2474 1528 2502; x_wconf 84' lang='grc'>15.</span> <span class='ocrx_word' id='word_1_301' title='bbox 1578 2473 1665 2509; x_wconf 88' lang='lat' dir='ltr'>VIII,</span> <span class='ocrx_word' id='word_1_302' title='bbox 1695 2474 1706 2500; x_wconf 96' lang='lat' dir='ltr'>l</span> <span class='ocrx_word' id='word_1_303' title='bbox 1737 2472 1808 2501; x_wconf 88' lang='lat' dir='ltr'>coll.</span> <span class='ocrx_word' id='word_1_304' title='bbox 1836 2482 1906 2500; x_wconf 88' lang='lat' dir='ltr'>cum</span> <span class='ocrx_word' id='word_1_305' title='bbox 1931 2471 1957 2507; x_wconf 95' lang='grc' dir='ltr'>Ι,</span> 
     </span>
     <span class='ocr_line' id='line_1_33' title="bbox 132 2528 1957 2567; baseline -0.001 -9"><span class='ocrx_word' id='word_1_306' title='bbox 132 2530 149 2558; x_wconf 85' lang='grc'>5</span> <span class='ocrx_word' id='word_1_307' title='bbox 177 2532 208 2558; x_wconf 84' lang='lat' dir='ltr'>et</span> <span class='ocrx_word' id='word_1_308' title='bbox 234 2538 304 2558; x_wconf 84' lang='lat' dir='ltr'>cum</span> <span class='ocrx_word' id='word_1_309' title='bbox 328 2528 446 2567; x_wconf 81' lang='lat' dir='ltr'>Porph.</span> <span class='ocrx_word' id='word_1_310' title='bbox 510 2530 565 2567; x_wconf 92' lang='grc'>10)</span> <span class='ocrx_word' id='word_1_311' title='bbox 591 2529 707 2558; x_wconf 85' lang='lat' dir='ltr'>candet</span> <span class='ocrx_word' id='word_1_312' title='bbox 731 2529 774 2557; x_wconf 89' lang='lat' dir='ltr'>M.</span> <span class='ocrx_word' id='word_1_313' title='bbox 802 2546 839 2550; x_wconf 44' lang='grc' dir='ltr'>ν-</span> <span class='ocrx_word' id='word_1_314' title='bbox 867 2529 1000 2567; x_wconf 78' lang='lat' dir='ltr'>Virgilii</span> <span class='ocrx_word' id='word_1_315' title='bbox 1028 2530 1109 2558; x_wconf 84' lang='lat' dir='ltr'>illud</span> <span class='ocrx_word' id='word_1_316' title='bbox 1135 2529 1199 2559; x_wconf 86' lang='lat' dir='ltr'>afh.</span> <span class='ocrx_word' id='word_1_317' title='bbox 1225 2530 1395 2567; x_wconf 73' lang='lat' dir='ltr'>Virgilium</span> <span class='ocrx_word' id='word_1_318' title='bbox 1428 2530 1507 2558; x_wconf 87' lang='lat' dir='ltr'>illud</span> <span class='ocrx_word' id='word_1_319' title='bbox 1531 2539 1562 2558; x_wconf 82' lang='lat' dir='ltr'>v.</span> <span class='ocrx_word' id='word_1_320' title='bbox 1597 2538 1684 2557; x_wconf 77' lang='lat' dir='ltr'>eneae</span> <span class='ocrx_word' id='word_1_321' title='bbox 1716 2529 1796 2557; x_wconf 86' lang='lat' dir='ltr'>illud</span> <span class='ocrx_word' id='word_1_322' title='bbox 1827 2538 1851 2557; x_wconf 89' lang='lat' dir='ltr'>r.</span> <span class='ocrx_word' id='word_1_323' title='bbox 1903 2528 1957 2566; x_wconf 90' lang='grc'>11)</span> 
     </span>
     <span class='ocr_line' id='line_1_34' title="bbox 132 2583 1959 2623; baseline 0 -10"><span class='ocrx_word' id='word_1_324' title='bbox 132 2583 212 2614; x_wconf 85' lang='lat' dir='ltr'>Cum</span> <span class='ocrx_word' id='word_1_325' title='bbox 231 2584 455 2622; x_wconf 77' lang='lat' dir='ltr'>MAR2G,rva.</span> <span class='ocrx_word' id='word_1_326' title='bbox 475 2586 549 2614; x_wconf 82' lang='lat' dir='ltr'>(lum</span> <span class='ocrx_word' id='word_1_327' title='bbox 568 2584 613 2614; x_wconf 81' lang='lat' dir='ltr'>fh.</span> <span class='ocrx_word' id='word_1_328' title='bbox 632 2585 775 2623; x_wconf 86' lang='lat' dir='ltr'>capitolii</span> <span class='ocrx_word' id='word_1_329' title='bbox 793 2585 888 2614; x_wconf 83' lang='lat' dir='ltr'>MR2.</span> <span class='ocrx_word' id='word_1_330' title='bbox 908 2586 942 2614; x_wconf 88' lang='lat' dir='ltr'>in</span> <span class='ocrx_word' id='word_1_331' title='bbox 960 2586 1043 2615; x_wconf 89' lang='lat' dir='ltr'>mob.</span> <span class='ocrx_word' id='word_1_332' title='bbox 1066 2586 1095 2615; x_wconf 87' lang='grc'>2.</span> <span class='ocrx_word' id='word_1_333' title='bbox 1115 2586 1241 2615; x_wconf 75' lang='lat' dir='ltr'>adcolet</span> <span class='ocrx_word' id='word_1_334' title='bbox 1267 2585 1334 2615; x_wconf 80' lang='lat' dir='ltr'>GR.</span> <span class='ocrx_word' id='word_1_335' title='bbox 1362 2587 1429 2614; x_wconf 88' lang='lat' dir='ltr'>rell.</span> <span class='ocrx_word' id='word_1_336' title='bbox 1455 2586 1575 2615; x_wconf 71' lang='lat' dir='ltr'>accolet</span> <span class='ocrx_word' id='word_1_337' title='bbox 1600 2589 1636 2614; x_wconf 84' lang='lat' dir='ltr'>ut</span> <span class='ocrx_word' id='word_1_338' title='bbox 1660 2585 1757 2622; x_wconf 78' lang='lat' dir='ltr'>Verg.</span> <span class='ocrx_word' id='word_1_339' title='bbox 1782 2584 1900 2613; x_wconf 81' lang='lat' dir='ltr'>Medic.</span> <span class='ocrx_word' id='word_1_340' title='bbox 1927 2588 1959 2614; x_wconf 85' lang='lat' dir='ltr'>et</span> 
     </span>
     <span class='ocr_line' id='line_1_35' title="bbox 132 2640 1959 2680; baseline -0.001 -10"><span class='ocrx_word' id='word_1_341' title='bbox 132 2641 250 2672; x_wconf 86' lang='lat' dir='ltr'>Donat.</span> <span class='ocrx_word' id='word_1_342' title='bbox 279 2642 329 2671; x_wconf 84' lang='lat' dir='ltr'>ad.</span> <span class='ocrx_word' id='word_1_343' title='bbox 355 2641 426 2671; x_wconf 87' lang='lat' dir='ltr'>Ter.</span> <span class='ocrx_word' id='word_1_344' title='bbox 452 2641 536 2672; x_wconf 81' lang='lat' dir='ltr'>And.</span> <span class='ocrx_word' id='word_1_345' title='bbox 563 2642 587 2676; x_wconf 86' lang='lat' dir='ltr'>I,</span> <span class='ocrx_word' id='word_1_346' title='bbox 614 2643 643 2679; x_wconf 84' lang='lat'>4,</span> <span class='ocrx_word' id='word_1_347' title='bbox 671 2644 701 2671; x_wconf 85' lang='lat'>3.</span> <span class='ocrx_word' id='word_1_348' title='bbox 770 2642 824 2680; x_wconf 89' lang='lat'>12)</span> <span class='ocrx_word' id='word_1_349' title='bbox 859 2643 981 2671; x_wconf 79' lang='lat' dir='ltr'>oratius</span> <span class='ocrx_word' id='word_1_350' title='bbox 1013 2642 1055 2670; x_wconf 88' lang='lat' dir='ltr'>M.</span> <span class='ocrx_word' id='word_1_351' title='bbox 1119 2642 1174 2680; x_wconf 86' lang='lat'>13)</span> <span class='ocrx_word' id='word_1_352' title='bbox 1202 2647 1348 2680; x_wconf 74' lang='lat' dir='ltr'>regnator</span> <span class='ocrx_word' id='word_1_353' title='bbox 1372 2642 1460 2679; x_wconf 82' lang='lat' dir='ltr'>R,rv.</span> <span class='ocrx_word' id='word_1_354' title='bbox 1490 2646 1525 2671; x_wconf 88' lang='lat' dir='ltr'>ut</span> <span class='ocrx_word' id='word_1_355' title='bbox 1550 2642 1681 2679; x_wconf 86' lang='lat' dir='ltr'>plurimi</span> <span class='ocrx_word' id='word_1_356' title='bbox 1708 2641 1799 2670; x_wconf 84' lang='lat' dir='ltr'>codd.</span> <span class='ocrx_word' id='word_1_357' title='bbox 1824 2640 1900 2669; x_wconf 88' lang='lat' dir='ltr'>Hor.</span> <span class='ocrx_word' id='word_1_358' title='bbox 1928 2644 1959 2669; x_wconf 80' lang='lat' dir='ltr'>et</span> 
     </span>
     <span class='ocr_line' id='line_1_36' title="bbox 131 2696 1958 2739; baseline -0.001 -12"><span class='ocrx_word' id='word_1_359' title='bbox 131 2707 209 2736; x_wconf 85' lang='lat' dir='ltr'>pure</span> <span class='ocrx_word' id='word_1_360' title='bbox 247 2702 277 2727; x_wconf 87' lang='lat' dir='ltr'>et</span> <span class='ocrx_word' id='word_1_361' title='bbox 314 2699 346 2727; x_wconf 87' lang='lat' dir='ltr'>in</span> <span class='ocrx_word' id='word_1_362' title='bbox 383 2698 504 2727; x_wconf 75' lang='lat' dir='ltr'>rasuris</span> <span class='ocrx_word' id='word_1_363' title='bbox 531 2697 667 2735; x_wconf 84' lang='lat' dir='ltr'>(AECI)</span> <span class='ocrx_word' id='word_1_364' title='bbox 694 2701 748 2727; x_wconf 88' lang='lat' dir='ltr'>aut</span> <span class='ocrx_word' id='word_1_365' title='bbox 775 2702 939 2736; x_wconf 82' lang='lat' dir='ltr'>tamquam</span> <span class='ocrx_word' id='word_1_366' title='bbox 962 2707 1029 2727; x_wconf 82' lang='lat' dir='ltr'>uar.</span> <span class='ocrx_word' id='word_1_367' title='bbox 1056 2699 1129 2728; x_wconf 85' lang='lat' dir='ltr'>lect.</span> <span class='ocrx_word' id='word_1_368' title='bbox 1157 2702 1193 2728; x_wconf 86' lang='lat' dir='ltr'>ut</span> <span class='ocrx_word' id='word_1_369' title='bbox 1219 2699 1251 2727; x_wconf 90' lang='lat' dir='ltr'>iu</span> <span class='ocrx_word' id='word_1_370' title='bbox 1277 2708 1302 2739; x_wconf 77' lang='grc' dir='ltr'>γ,</span> <span class='ocrx_word' id='word_1_371' title='bbox 1330 2699 1385 2728; x_wconf 89' lang='lat' dir='ltr'>ubi</span> <span class='ocrx_word' id='word_1_372' title='bbox 1412 2700 1429 2727; x_wconf 91' lang='lat'>2</span> <span class='ocrx_word' id='word_1_373' title='bbox 1462 2708 1503 2727; x_wconf 88' lang='lat' dir='ltr'>m.</span> <span class='ocrx_word' id='word_1_374' title='bbox 1530 2707 1658 2735; x_wconf 75' lang='lat' dir='ltr'>supi-ap.</span> <span class='ocrx_word' id='word_1_375' title='bbox 1696 2697 1735 2725; x_wconf 86' lang='lat' dir='ltr'>al.</span> <span class='ocrx_word' id='word_1_376' title='bbox 1762 2700 1817 2727; x_wconf 66' lang='lat' dir='ltr'>tor.</span> <span class='ocrx_word' id='word_1_377' title='bbox 1844 2696 1877 2725; x_wconf 88' lang='lat' dir='ltr'>M</span> <span class='ocrx_word' id='word_1_378' title='bbox 1908 2697 1958 2725; x_wconf 83' lang='lat' dir='ltr'>bis</span> 
     </span>
    </p>
   </div>
   <div class='ocr_carea' id='block_1_7' title="bbox 131 2752 1958 2905">
    <p class='ocr_par' dir='ltr' id='par_1_17' title="bbox 131 2752 1958 2905">
     <span class='ocr_line' id='line_1_37' title="bbox 131 2752 1957 2792; baseline -0.001 -9"><span class='ocrx_word' id='word_1_379' title='bbox 131 2755 228 2784; x_wconf 88' lang='lat' dir='ltr'>habet</span> <span class='ocrx_word' id='word_1_380' title='bbox 253 2753 407 2792; x_wconf 73' lang='lat' dir='ltr'>regnauit.</span> <span class='ocrx_word' id='word_1_381' title='bbox 459 2754 514 2792; x_wconf 84' lang='lat'>15)</span> <span class='ocrx_word' id='word_1_382' title='bbox 541 2753 677 2783; x_wconf 69' lang='lat' dir='ltr'>inimicos</span> <span class='ocrx_word' id='word_1_383' title='bbox 693 2754 759 2783; x_wconf 85' lang='lat' dir='ltr'>afh.</span> <span class='ocrx_word' id='word_1_384' title='bbox 810 2754 865 2792; x_wconf 86' lang='lat'>16)</span> <span class='ocrx_word' id='word_1_385' title='bbox 892 2758 1001 2784; x_wconf 80' lang='lat' dir='ltr'>annot.</span> <span class='ocrx_word' id='word_1_386' title='bbox 1030 2754 1076 2783; x_wconf 84' lang='lat' dir='ltr'>fh.</span> <span class='ocrx_word' id='word_1_387' title='bbox 1106 2772 1141 2774; x_wconf 60' lang='lat'>»-</span> <span class='ocrx_word' id='word_1_388' title='bbox 1170 2755 1291 2784; x_wconf 90' lang='lat' dir='ltr'>locutio</span> <span class='ocrx_word' id='word_1_389' title='bbox 1318 2754 1409 2789; x_wconf 86' lang='lat' dir='ltr'>2GQ.</span> <span class='ocrx_word' id='word_1_390' title='bbox 1436 2755 1505 2783; x_wconf 82' lang='lat' dir='ltr'>rell.</span> <span class='ocrx_word' id='word_1_391' title='bbox 1531 2754 1673 2783; x_wconf 78' lang='lat' dir='ltr'>elocutio.</span> <span class='ocrx_word' id='word_1_392' title='bbox 1701 2752 1781 2782; x_wconf 85' lang='lat' dir='ltr'>conf.</span> <span class='ocrx_word' id='word_1_393' title='bbox 1807 2753 1859 2782; x_wconf 82' lang='lat' dir='ltr'>ad.</span> <span class='ocrx_word' id='word_1_394' title='bbox 1878 2763 1908 2781; x_wconf 92' lang='lat' dir='ltr'>u.</span> <span class='ocrx_word' id='word_1_395' title='bbox 1930 2754 1957 2782; x_wconf 86' lang='lat'>7.</span> 
     </span>
     <span class='ocr_line' id='line_1_38' title="bbox 131 2809 1958 2849; baseline -0.001 -10"><span class='ocrx_word' id='word_1_396' title='bbox 131 2811 190 2840; x_wconf 85' lang='lat' dir='ltr'>loc.</span> <span class='ocrx_word' id='word_1_397' title='bbox 216 2820 281 2848; x_wconf 87' lang='lat' dir='ltr'>per.</span> <span class='ocrx_word' id='word_1_398' title='bbox 309 2820 381 2848; x_wconf 77' lang='lat' dir='ltr'>gen.</span> <span class='ocrx_word' id='word_1_399' title='bbox 408 2811 463 2847; x_wconf 77' lang='lat' dir='ltr'>fig.</span> <span class='ocrx_word' id='word_1_400' title='bbox 489 2809 614 2839; x_wconf 63' lang='lat' dir='ltr'>MRQG.</span> <span class='ocrx_word' id='word_1_401' title='bbox 642 2820 723 2848; x_wconf 82' lang='lat' dir='ltr'>quae</span> <span class='ocrx_word' id='word_1_402' title='bbox 749 2820 808 2839; x_wconf 89' lang='lat' dir='ltr'>om.</span> <span class='ocrx_word' id='word_1_403' title='bbox 836 2820 902 2839; x_wconf 78' lang='lat' dir='ltr'>rva.</span> <span class='ocrx_word' id='word_1_404' title='bbox 929 2819 1008 2849; x_wconf 78' lang='lat' dir='ltr'>quae</span> <span class='ocrx_word' id='word_1_405' title='bbox 1024 2828 1062 2830; x_wconf 97' lang='lat'><strong>—</strong></span> <span class='ocrx_word' id='word_1_406' title='bbox 1079 2814 1127 2839; x_wconf 51' lang='lat' dir='ltr'>est¹</span> <span class='ocrx_word' id='word_1_407' title='bbox 1153 2810 1198 2839; x_wconf 82' lang='lat' dir='ltr'>fh.</span> <span class='ocrx_word' id='word_1_408' title='bbox 1251 2811 1304 2848; x_wconf 83' lang='lat'>18)</span> <span class='ocrx_word' id='word_1_409' title='bbox 1332 2815 1436 2839; x_wconf 78' lang='lat' dir='ltr'>ortum</span> <span class='ocrx_word' id='word_1_410' title='bbox 1455 2811 1485 2839; x_wconf 85' lang='lat'>2.</span> <span class='ocrx_word' id='word_1_411' title='bbox 1501 2811 1570 2839; x_wconf 83' lang='lat' dir='ltr'>roll.</span> <span class='ocrx_word' id='word_1_412' title='bbox 1596 2814 1717 2838; x_wconf 85' lang='lat' dir='ltr'>natum.</span> <span class='ocrx_word' id='word_1_413' title='bbox 1766 2809 1823 2846; x_wconf 82' lang='lat'>20)</span> <span class='ocrx_word' id='word_1_414' title='bbox 1850 2809 1958 2838; x_wconf 81' lang='lat' dir='ltr'>Aeoli-</span> 
     </span>
     <span class='ocr_line' id='line_1_39' title="bbox 131 2865 1957 2905; baseline -0.001 -9"><span class='ocrx_word' id='word_1_415' title='bbox 131 2867 187 2896; x_wconf 83' lang='lat' dir='ltr'>dae</span> <span class='ocrx_word' id='word_1_416' title='bbox 210 2867 254 2895; x_wconf 88' lang='lat' dir='ltr'>M.</span> <span class='ocrx_word' id='word_1_417' title='bbox 304 2867 361 2905; x_wconf 88' lang='lat'>21)</span> <span class='ocrx_word' id='word_1_418' title='bbox 389 2867 513 2896; x_wconf 85' lang='lat' dir='ltr'>oratius</span> <span class='ocrx_word' id='word_1_419' title='bbox 539 2866 581 2894; x_wconf 85' lang='lat' dir='ltr'>M.</span> <span class='ocrx_word' id='word_1_420' title='bbox 608 2876 641 2895; x_wconf 84' lang='lat' dir='ltr'>se</span> <span class='ocrx_word' id='word_1_421' title='bbox 666 2866 742 2895; x_wconf 87' lang='lat' dir='ltr'>Hor.</span> <span class='ocrx_word' id='word_1_422' title='bbox 768 2865 904 2901; x_wconf 81' lang='lat' dir='ltr'>MRGQ.</span> <span class='ocrx_word' id='word_1_423' title='bbox 935 2867 1003 2895; x_wconf 88' lang='lat' dir='ltr'>rell.</span> <span class='ocrx_word' id='word_1_424' title='bbox 1039 2876 1099 2895; x_wconf 88' lang='lat' dir='ltr'>om.</span> <span class='ocrx_word' id='word_1_425' title='bbox 1148 2884 1189 2887; x_wconf 43' lang='grc' dir='ltr'><em>κ</em></span> <span class='ocrx_word' id='word_1_426' title='bbox 1237 2866 1468 2896; x_wconf 70' lang='lat' dir='ltr'>modulationes</span> <span class='ocrx_word' id='word_1_427' title='bbox 1499 2867 1569 2895; x_wconf 78' lang='lat' dir='ltr'>MR.</span> <span class='ocrx_word' id='word_1_428' title='bbox 1602 2866 1670 2895; x_wconf 86' lang='lat' dir='ltr'>rell.</span> <span class='ocrx_word' id='word_1_429' title='bbox 1703 2865 1957 2895; x_wconf 75' lang='lat' dir='ltr'>modulationem.</span> 
     </span>
    </p>
   </div>
   <div class='ocr_carea' id='block_1_8' title="bbox 131 2921 1958 3242">
    <p class='ocr_par' dir='ltr' id='par_1_18' title="bbox 131 2921 1958 3186">
     <span class='ocr_line' id='line_1_40' title="bbox 133 2921 1957 2961; baseline -0.001 -9"><span class='ocrx_word' id='word_1_430' title='bbox 133 2923 190 2961; x_wconf 91' lang='lat'>22)</span> <span class='ocrx_word' id='word_1_431' title='bbox 218 2923 287 2952; x_wconf 91' lang='lat' dir='ltr'>Hoc</span> <span class='ocrx_word' id='word_1_432' title='bbox 312 2924 375 2952; x_wconf 78' lang='lat' dir='ltr'>sch.</span> <span class='ocrx_word' id='word_1_433' title='bbox 401 2924 432 2952; x_wconf 90' lang='lat' dir='ltr'>in</span> <span class='ocrx_word' id='word_1_434' title='bbox 464 2923 554 2952; x_wconf 80' lang='lat' dir='ltr'>libris</span> <span class='ocrx_word' id='word_1_435' title='bbox 579 2923 790 2960; x_wconf 86' lang='lat' dir='ltr'>penultimum</span> <span class='ocrx_word' id='word_1_436' title='bbox 817 2928 877 2959; x_wconf 77' lang='lat' dir='ltr'>est,</span> <span class='ocrx_word' id='word_1_437' title='bbox 904 2923 1049 2961; x_wconf 78' lang='lat' dir='ltr'>exceptis</span> <span class='ocrx_word' id='word_1_438' title='bbox 1074 2922 1108 2952; x_wconf 86' lang='lat' dir='ltr'>fh</span> <span class='ocrx_word' id='word_1_439' title='bbox 1135 2927 1167 2952; x_wconf 75' lang='lat' dir='ltr'>et</span> <span class='ocrx_word' id='word_1_440' title='bbox 1193 2922 1231 2959; x_wconf 82' lang='lat' dir='ltr'>Q,</span> <span class='ocrx_word' id='word_1_441' title='bbox 1258 2924 1311 2960; x_wconf 79' lang='lat' dir='ltr'>qui</span> <span class='ocrx_word' id='word_1_442' title='bbox 1337 2927 1373 2952; x_wconf 84' lang='lat' dir='ltr'>ut</span> <span class='ocrx_word' id='word_1_443' title='bbox 1406 2932 1501 2960; x_wconf 79' lang='lat' dir='ltr'>saepe</span> <span class='ocrx_word' id='word_1_444' title='bbox 1533 2923 1653 2951; x_wconf 84' lang='lat' dir='ltr'>factum</span> <span class='ocrx_word' id='word_1_445' title='bbox 1686 2926 1744 2959; x_wconf 86' lang='lat' dir='ltr'>est,</span> <span class='ocrx_word' id='word_1_446' title='bbox 1775 2921 1868 2950; x_wconf 78' lang='lat' dir='ltr'>ACR.</span> <span class='ocrx_word' id='word_1_447' title='bbox 1901 2931 1957 2959; x_wconf 85' lang='lat' dir='ltr'>pro</span> 
     </span>
     <span class='ocr_line' id='line_1_41' title="bbox 131 2978 1956 3017; baseline 0 -10"><span class='ocrx_word' id='word_1_448' title='bbox 131 2978 284 3008; x_wconf 86' lang='lat' dir='ltr'>PORPH.</span> <span class='ocrx_word' id='word_1_449' title='bbox 310 2980 431 3017; x_wconf 81' lang='lat' dir='ltr'>posuit,</span> <span class='ocrx_word' id='word_1_450' title='bbox 457 2989 482 3008; x_wconf 86' lang='lat' dir='ltr'>c.</span> <span class='ocrx_word' id='word_1_451' title='bbox 511 2988 536 3008; x_wconf 90' lang='lat' dir='ltr'>e.</span> <span class='ocrx_word' id='word_1_452' title='bbox 564 2979 589 3015; x_wconf 90' lang='lat' dir='ltr'>I,</span> <span class='ocrx_word' id='word_1_453' title='bbox 610 2980 638 3016; x_wconf 86' lang='lat'>3,</span> <span class='ocrx_word' id='word_1_454' title='bbox 662 2980 686 3008; x_wconf 88' lang='lat'>1.</span> <span class='ocrx_word' id='word_1_455' title='bbox 715 2981 746 3017; x_wconf 77' lang='lat'>7,</span> <span class='ocrx_word' id='word_1_456' title='bbox 776 2981 824 3009; x_wconf 91' lang='lat'>12.</span> <span class='ocrx_word' id='word_1_457' title='bbox 852 2980 904 3016; x_wconf 83' lang='lat'>28,</span> <span class='ocrx_word' id='word_1_458' title='bbox 933 2980 982 3008; x_wconf 82' lang='lat'>31.</span> <span class='ocrx_word' id='word_1_459' title='bbox 1012 2979 1065 3016; x_wconf 77' lang='lat'>35,</span> <span class='ocrx_word' id='word_1_460' title='bbox 1093 2979 1143 3007; x_wconf 83' lang='lat'>31.</span> <span class='ocrx_word' id='word_1_461' title='bbox 1171 2980 1224 3015; x_wconf 64' lang='lat'>315,</span> <span class='ocrx_word' id='word_1_462' title='bbox 1254 2981 1279 3007; x_wconf 90' lang='lat'>1.</span> <span class='ocrx_word' id='word_1_463' title='bbox 1307 2980 1336 3007; x_wconf 87' lang='lat'>2.</span> <span class='ocrx_word' id='word_1_464' title='bbox 1362 2979 1402 3015; x_wconf 93' lang='grc' dir='ltr'>ΙΙ,</span> <span class='ocrx_word' id='word_1_465' title='bbox 1434 2980 1459 3017; x_wconf 89' lang='lat'>1,</span> <span class='ocrx_word' id='word_1_466' title='bbox 1487 2979 1516 3007; x_wconf 86' lang='lat'>4.</span> <span class='ocrx_word' id='word_1_467' title='bbox 1544 2980 1573 3015; x_wconf 85' lang='grc'>7,</span> <span class='ocrx_word' id='word_1_468' title='bbox 1603 2979 1629 3007; x_wconf 84' lang='grc'>1,</span> <span class='ocrx_word' id='word_1_469' title='bbox 1658 2978 1716 3015; x_wconf 86' lang='grc' dir='ltr'>ΙΙΙ,</span> <span class='ocrx_word' id='word_1_470' title='bbox 1735 2979 1764 3015; x_wconf 87' lang='grc'>8,</span> <span class='ocrx_word' id='word_1_471' title='bbox 1786 2979 1835 3007; x_wconf 88' lang='grc'>10.</span> <span class='ocrx_word' id='word_1_472' title='bbox 1858 2979 1907 3015; x_wconf 90' lang='grc'>12,</span> <span class='ocrx_word' id='word_1_473' title='bbox 1927 2979 1956 3014; x_wconf 80' lang='grc'>3,</span> 
     </span>
     <span class='ocr_line' id='line_1_42' title="bbox 135 3034 1958 3073; baseline 0 -10"><span class='ocrx_word' id='word_1_474' title='bbox 135 3038 188 3063; x_wconf 83' lang='lat' dir='ltr'>aut</span> <span class='ocrx_word' id='word_1_475' title='bbox 213 3034 368 3065; x_wconf 81' lang='lat' dir='ltr'>PORPH.</span> <span class='ocrx_word' id='word_1_476' title='bbox 396 3046 451 3073; x_wconf 87' lang='lat' dir='ltr'>pro</span> <span class='ocrx_word' id='word_1_477' title='bbox 477 3034 584 3072; x_wconf 67' lang='grc' dir='ltr'>ΑΘΗ,</span> <span class='ocrx_word' id='word_1_478' title='bbox 610 3038 645 3063; x_wconf 81' lang='lat' dir='ltr'>ut</span> <span class='ocrx_word' id='word_1_479' title='bbox 670 3036 696 3072; x_wconf 83' lang='lat' dir='ltr'>I,</span> <span class='ocrx_word' id='word_1_480' title='bbox 723 3036 777 3072; x_wconf 86' lang='grc'>28,</span> <span class='ocrx_word' id='word_1_481' title='bbox 805 3036 857 3073; x_wconf 79' lang='lat'>31,</span> <span class='ocrx_word' id='word_1_482' title='bbox 884 3040 939 3065; x_wconf 79' lang='lat' dir='ltr'>aut</span> <span class='ocrx_word' id='word_1_483' title='bbox 964 3035 1058 3065; x_wconf 81' lang='lat' dir='ltr'>ACR.</span> <span class='ocrx_word' id='word_1_484' title='bbox 1085 3036 1192 3064; x_wconf 84' lang='lat' dir='ltr'>omisit</span> <span class='ocrx_word' id='word_1_485' title='bbox 1216 3040 1251 3065; x_wconf 84' lang='lat' dir='ltr'>ut</span> <span class='ocrx_word' id='word_1_486' title='bbox 1276 3036 1301 3071; x_wconf 88' lang='grc' dir='ltr'>Ι,</span> <span class='ocrx_word' id='word_1_487' title='bbox 1331 3037 1380 3073; x_wconf 83' lang='grc'>12,</span> <span class='ocrx_word' id='word_1_488' title='bbox 1411 3036 1459 3065; x_wconf 82' lang='grc'>15.</span> <span class='ocrx_word' id='word_1_489' title='bbox 1488 3036 1539 3073; x_wconf 86' lang='grc'>22,</span> <span class='ocrx_word' id='word_1_490' title='bbox 1568 3035 1597 3064; x_wconf 83' lang='grc'>5.</span> <span class='ocrx_word' id='word_1_491' title='bbox 1625 3035 1676 3072; x_wconf 79' lang='grc'>25,</span> <span class='ocrx_word' id='word_1_492' title='bbox 1707 3036 1756 3064; x_wconf 85' lang='grc'>19.</span> <span class='ocrx_word' id='word_1_493' title='bbox 1817 3035 1875 3073; x_wconf 82' lang='lat'>24)</span> <span class='ocrx_word' id='word_1_494' title='bbox 1902 3035 1958 3064; x_wconf 83' lang='lat' dir='ltr'>ad-</span> 
     </span>
     <span class='ocr_line' id='line_1_43' title="bbox 135 3090 1958 3132; baseline 0.001 -13"><span class='ocrx_word' id='word_1_495' title='bbox 135 3100 213 3128; x_wconf 78' lang='lat' dir='ltr'>roga</span> <span class='ocrx_word' id='word_1_496' title='bbox 236 3092 392 3127; x_wconf 65' lang='lat' dir='ltr'>MRQGQ.</span> <span class='ocrx_word' id='word_1_497' title='bbox 420 3094 487 3122; x_wconf 88' lang='lat' dir='ltr'>rell.</span> <span class='ocrx_word' id='word_1_498' title='bbox 515 3093 619 3122; x_wconf 72' lang='lat' dir='ltr'>adiice.</span> <span class='ocrx_word' id='word_1_499' title='bbox 646 3110 688 3113; x_wconf 85' lang='lat'>·—</span> <span class='ocrx_word' id='word_1_500' title='bbox 707 3093 830 3131; x_wconf 71' lang='lat' dir='ltr'>ingenti</span> <span class='ocrx_word' id='word_1_501' title='bbox 854 3095 882 3122; x_wconf 90' lang='lat'>2.</span> <span class='ocrx_word' id='word_1_502' title='bbox 932 3093 989 3132; x_wconf 79' lang='grc'>26)</span> <span class='ocrx_word' id='word_1_503' title='bbox 1016 3092 1156 3122; x_wconf 70' lang='lat' dir='ltr'>dedicata</span> <span class='ocrx_word' id='word_1_504' title='bbox 1181 3092 1286 3121; x_wconf 75' lang='lat' dir='ltr'>rvafh.</span> <span class='ocrx_word' id='word_1_505' title='bbox 1313 3093 1403 3122; x_wconf 89' lang='lat' dir='ltr'>codd.</span> <span class='ocrx_word' id='word_1_506' title='bbox 1428 3096 1529 3131; x_wconf 71' lang='lat' dir='ltr'>yrata.</span> <span class='ocrx_word' id='word_1_507' title='bbox 1578 3090 1636 3131; x_wconf 86' lang='lat'>27)</span> <span class='ocrx_word' id='word_1_508' title='bbox 1663 3095 1711 3120; x_wconf 82' lang='lat' dir='ltr'>est</span> <span class='ocrx_word' id='word_1_509' title='bbox 1736 3102 1796 3124; x_wconf 81' lang='lat' dir='ltr'>om.</span> <span class='ocrx_word' id='word_1_510' title='bbox 1815 3092 1860 3121; x_wconf 81' lang='lat' dir='ltr'>fh.</span> <span class='ocrx_word' id='word_1_511' title='bbox 1887 3100 1958 3128; x_wconf 83' lang='lat' dir='ltr'>par-</span> 
     </span>
     <span class='ocr_line' id='line_1_44' title="bbox 135 3148 783 3186; baseline 0.005 -11"><span class='ocrx_word' id='word_1_512' title='bbox 135 3156 224 3176; x_wconf 81' lang='lat' dir='ltr'>nasso</span> <span class='ocrx_word' id='word_1_513' title='bbox 248 3148 291 3176; x_wconf 92' lang='lat' dir='ltr'>M.</span> <span class='ocrx_word' id='word_1_514' title='bbox 317 3149 384 3177; x_wconf 84' lang='lat' dir='ltr'>rell.</span> <span class='ocrx_word' id='word_1_515' title='bbox 410 3158 553 3186; x_wconf 82' lang='lat' dir='ltr'>parnaso.</span> <span class='ocrx_word' id='word_1_516' title='bbox 581 3152 628 3178; x_wconf 78' lang='lat' dir='ltr'>est</span> <span class='ocrx_word' id='word_1_517' title='bbox 654 3149 721 3178; x_wconf 84' lang='lat' dir='ltr'>eius</span> <span class='ocrx_word' id='word_1_518' title='bbox 746 3149 783 3178; x_wconf 86' lang='lat' dir='ltr'>R.</span> 
     </span>
    </p>

    <p class='ocr_par' dir='ltr' id='par_1_19' title="bbox 293 3203 1798 3242">
     <span class='ocr_line' id='line_1_45' title="bbox 293 3203 1798 3242; baseline -0.001 -9"><span class='ocrx_word' id='word_1_519' title='bbox 293 3204 489 3235; x_wconf 81' lang='lat' dir='ltr'>POMPONI</span> <span class='ocrx_word' id='word_1_520' title='bbox 515 3205 800 3236; x_wconf 85' lang='lat' dir='ltr'>PORFYRIONIS</span> <span class='ocrx_word' id='word_1_521' title='bbox 827 3204 1248 3236; x_wconf 81' lang='lat' dir='ltr'><strong>COMMENTARIORVM</strong></span> <span class='ocrx_word' id='word_1_522' title='bbox 1274 3204 1399 3234; x_wconf 85' lang='lat' dir='ltr'>LIBER</span> <span class='ocrx_word' id='word_1_523' title='bbox 1424 3204 1471 3233; x_wconf 89' lang='grc' dir='ltr'>ΙΙΙ</span> <span class='ocrx_word' id='word_1_524' title='bbox 1498 3203 1706 3235; x_wconf 84' lang='lat' dir='ltr'>EXPLICIT.</span> <span class='ocrx_word' id='word_1_525' title='bbox 1734 3203 1798 3242; x_wconf 82' lang='lat' dir='ltr'>(M)</span> 
     </span>
    </p>
   </div>
   <div class='ocr_carea' id='block_1_9' title="bbox 1986 996 2021 1027">
    <p class='ocr_par' dir='ltr' id='par_1_20' title="bbox 1986 996 2021 1027">
     <span class='ocr_line' id='line_1_46' title="bbox 1986 996 2021 1027; baseline 0.029 -1"><span class='ocrx_word' id='word_1_526' title='bbox 1986 996 2021 1027; x_wconf 79' lang='lat' dir='ltr'>lo</span> 
     </span>
    </p>
   </div>
  </div>
 </body>
</html>
