2283 3535
287 1028 325 1059 lO

348 228 430 268 476
985 235 1090 266 Aen.
1118 234 1177 265 ET
1203 233 1370 265 PORPH.
1397 232 1542 264 COMM.

349 360 511 414 aliquos
542 359 726 409 notabat,
758 365 972 414 prouocat,
1004 364 1049 398 ut
1079 358 1121 397 in
1154 371 1196 398 se
1228 356 1377 397 audeat
1409 355 1562 405 dicere,
1596 354 1667 409 qui
1699 369 1793 395 eum
1822 353 1937 395 uelut
1966 352 2088 406 lupus
2109 366 2176 393 re-

350 434 550 475 mordeat.

463 507 499 546 6.
532 507 670 546 amica.
729 503 906 545 Amicos
936 517 1061 544 canes
1093 502 1331 557 pastoribus
1362 501 1480 550 dixit,
1527 508 1571 541 ut
1611 502 1718 555 l'ery.
1751 498 1827 554 (G.
1858 498 1938 548 III,
1969 498 2177 552 405-8):

357 580 511 621 Veloces
552 579 725 634 Spartae
768 579 921 619 catulos
963 590 1172 630 acremque
1213 576 1430 617 Molossum
1477 575 1596 615 Pasce
1636 588 1724 614 sero
1759 573 1915 628 pmqm',
1960 584 2179 626 numquam

351 653 578 694 custodibus
609 652 686 692 illis
716 653 971 692 Noc-lamma
1002 649 1168 690 stabule's
1188 650 1321 701 furem
1352 649 1618 701 faciemusque
1640 647 1827 701 luporum
1852 644 1959 701 [Aut
1978 645 2181 700 inpacatos

350 741 374 766 α
407 735 516 780 {erqo
537 725 719 766 horrebis
743 722 945 778 Hiberos]

463 801 536 839 uis.
599 797 787 852 Sagaces
819 797 943 836 canes
974 794 1092 843 dixit,
1124 800 1167 834 ut
1200 792 1273 849 (A.
1306 792 1382 841 IV,
1418 794 1536 847 132):
1571 801 1604 832 et
1636 793 1761 833 odora
1795 805 1941 832 canum
1970 792 2045 831 uis.

465 874 501 911 7.
534 885 653 925 aqam
677 885 719 925 p.
753 885 787 909 a.
821 884 856 909 α.
897 884 927 909 s,
964 883 1003 908 7².
1085 865 1237 908 Seruat
1276 865 1565 919 metaphoram
1603 872 1639 905 et
1678 864 1790 914 dicit,
1829 878 1871 905 se
1912 878 2030 918 ayere
2066 862 2105 903 h.
2146 877 2180 902 e.

351 943 548 999 persequi
571 945 587 997 Η
615 969 653 972 —
684 941 801 982 Aure
835 940 908 997 [ad
938 941 1113 981 latratus
1144 939 1281 994 posita
1312 939 1355 978 in
1386 937 1514 993 feras]
1539 963 1590 967 —-
1613 939 1630 992 Η
1651 937 1708 978 Et
1738 937 1932 987 ostendit,
1965 951 2008 978 se
2038 949 2182 991 perse-

353 1024 544 1058 cuturum
576 1015 706 1056 uerba
737 1014 946 1055 maledici.

466 1090 615 1130 9—12.
650 1097 690 1129 τιι
724 1104 755 1129 e.
787 1096 810 1128 t.
842 1102 882 1127 u.
964 1085 1250 1133 Demonstrat,
1297 1099 1390 1124 eum
1432 1083 1653 1138 pecuniam
1694 1097 1895 1138 quaerere
1932 1081 2181 1131 maledictis,

351 1177 433 1217 qua
455 1169 627 1216 accepta
648 1161 705 1201 ita
727 1160 930 1209 desinere,
953 1166 996 1199 ut
1019 1158 1135 1199 canis
1157 1157 1310 1199 desinit
1331 1157 1508 1211 insequi,
1541 1164 1707 1211 reperto
1729 1155 1832 1206 cibo,
1856 1170 1978 1210 quem
2002 1156 2183 1196 insecta-

350 1235 486 1277 batur.

466 1310 530 1349 11.
566 1323 677 1358 caue,
712 1323 820 1349 cane.
894 1306 991 1348 Non
1030 1321 1073 1347 se
1112 1314 1183 1346 aut
1218 1318 1390 1344 munere
1428 1303 1683 1358 placandum
1721 1309 1789 1343 aut
1828 1301 2026 1357 precibus
2062 1300 2181 1350 dixit,

355 1382 388 1423 si
420 1382 655 1423 maledictis
688 1381 776 1422 eius
808 1380 993 1435 coeperit
1024 1379 1292 1433 respondere.

468 1457 532 1496 12.
561 1463 708 1511 parata
741 1463 765 1495 t.
797 1470 829 1495 c.
893 1453 951 1495 Ut
983 1451 1053 1508 (B.
1083 1450 1168 1501 IX,
1202 1452 1296 1503 25);
1330 1465 1457 1491 cornu
1487 1450 1582 1503 serit
1613 1450 1689 1498 ille,
1723 1458 1872 1490 caueto.

469 1529 532 1569 13.
566 1529 695 1584 qualis
716 1527 937 1583 Lycambae
969 1541 996 1566 s.
1029 1527 1107 1580 129.
1168 1523 1327 1564 Datiuo
1359 1538 1458 1563 casu
1490 1523 1710 1577 Lycambae
1742 1522 1894 1576 posuit,
1931 1521 2048 1562 cuius
2078 1522 2183 1562 haec

352 1601 496 1643 fabula
527 1609 607 1642 est:
640 1600 880 1655 Lycambes
911 1598 1057 1639 habuit
1087 1597 1216 1638 filiam
1251 1595 1458 1652 [nomine]
1490 1594 1732 1643 Neobulen3
1769 1596 1877 1636 hanc
1909 1610 2001 1636 cum
2034 1594 2186 1636 Archi-

352 1673 498 1715 lochus
528 1674 571 1714 in
604 1672 916 1714 matrimonium
948 1671 1211 1726 postulasset,
1244 1669 1452 1724 promissa
1483 1683 1560 1709 nec
1591 1668 1687 1708 data
1719 1675 1778 1709 est
1816 1684 1840 1709 a
1877 1676 2009 1723 patre.
2070 1667 2186 1709 Hinc

354 1747 483 1788 iratus
506 1745 787 1787 Archilochus
820 1745 863 1786 in
894 1760 989 1786 eum
1020 1744 1272 1784 maledicum
1297 1757 1466 1783 carmen
1489 1741 1669 1795 scripsit,
1703 1756 1784 1796 quo
1806 1741 2047 1796 Lycambes
2069 1748 2183 1783 tanto

354 1828 416 1862 est
445 1819 589 1862 dolore
621 1819 873 1874 compulsus,
906 1825 950 1859 ut
981 1833 1074 1859 cum
1105 1817 1191 1858 filia
1222 1816 1351 1857 uitam
1382 1815 1533 1870 laqueo
1564 1815 1714 1855 finiret.

469 1895 533 1935 14.
567 1902 639 1934 aut
675 1908 766 1934 acer
804 1894 838 1933 Ιι.
883 1892 1053 1947 Bupalo.
1132 1890 1449 1944 Hipponactem
1487 1887 1709 1942 significat,
1757 1888 1828 1942 qui
1866 1887 2021 1943 Bupali
2055 1888 2186 1929 filiam

473 1987 504 2025 1)
531 1987 651 2024 aliquos
678 1985 913 2023 AR12G71·vca.
940 1984 1016 2014 alios
1040 1984 1118 2018 th.
1150 1984 1204 2021 qui
1235 2001 1270 2003 --κ
1299 1982 1475 2011 remordeat
1515 1991 1574 2010 om.
1600 1981 1638 2010 A.
1678 1982 1731 2019 qui
1758 1991 1822 2011 eum
1858 1982 1936 2011 uelut
1970 1983 2012 2011 lu.
2050 1982 2184 2011 remord.

355 2043 560 2081 R12G,er.
587 2044 640 2081 qui
667 2052 731 2071 cum
754 2041 824 2070 uelit
848 2046 881 2070 ut
908 2042 950 2071 lu.
976 2041 1112 2070 remord.
1138 2040 1183 2069 fh.
1211 2040 1331 2068 laceras
1353 2038 1399 2077 [et
1419 2037 1455 2076 v]
1478 2038 1553 2075 quia
1571 2039 1767 2067 carminibus
1794 2039 1920 2076 aliquos
1945 2039 2092 2068 mordeat
2115 2047 2184 2075 vca,

356 2111 416 2131 om.
445 2102 578 2130 notabat
604 2117 643 2120 ——
671 2100 775 2136 lupus.
830 2100 865 2130 4:
894 2098 1025 2127 Veloees
1053 2115 1082 2118 —
1118 2097 1231 2135 pingui
1258 2107 1318 2125 om.
1345 2095 1408 2124 rfh.
1470 2095 1504 2133 5)
1529 2094 1595 2123 Aut
1622 2112 1663 2115 —-
1688 2095 1828 2124 Hiberos
1854 2104 1913 2124 om.
1939 2095 2030 2133 A2,1·.
2056 2095 2128 2134 hyb.
2154 2104 2186 2124 v.

354 2158 424 2187 rell.
449 2157 560 2187 iberos.
611 2158 645 2195 8)
671 2156 767 2193 Vulg.
795 2156 891 2184 lectio
919 2154 976 2192 (—
1003 2155 1151 2191 persequi
1178 2162 1252 2182 aure
1277 2152 1402 2187 sublata,
1430 2151 1462 2180 id
1490 2155 1549 2187 est,
1575 2151 1733 2180 alacritate
1758 2151 1853 2187 feras,
1885 2153 1953 2181 siue
1978 2151 2111 2182 alacrius
2129 2160 2187 2189 po—

354 2215 411 2244 sita
435 2214 468 2243 ui
492 2214 583 2250 feras,
612 2218 643 2242 ct
668 2212 807 2242 ostendit
836 2217 895 2241 etc.
922 2215 988 2247 aut,
1026 2220 1107 2240 110110
1133 2211 1283 2239 lemmate
1309 2210 1427 2247 posito:
1454 2209 1604 2245 persequi
1630 2207 1725 2237 feras.
1751 2210 1834 2237 Aure
1857 2208 1923 2237 subl
1957 2209 2072 2245 laetus,
2100 2208 2184 2237 omni

356 2275 482 2301 conatu.
532 2270 573 2299 Et
601 2270 745 2299 ostendit
786 2287 803 2289 »ἡ
830 2268 989 2297 maledici.
1015 2277 1049 2308 γε
1077 2277 1174 2305 aqam.
1201 2267 1261 2295 hoc
1287 2270 1343 2294 est.
1371 2275 1441 2294 eum
1466 2275 1639 2303 persequar
1665 2266 1719 2303 qui
1745 2266 1831 2302 prius
1856 2266 1941 2295 lesit.
1968 2275 2042 2294 aure
2065 2264 2139 2294 subl.
2164 2264 2185 2293 i.

355 2329 467 2357 alacer.
495 2328 578 2357 letus
605 2328 691 2356 0111111
719 2330 846 2355 conatu.
874 2326 1022 2355 omnibus
1047 2325 1183 2354 uiribus.
1211 2324 1329 2352 lei-veta
1356 2332 1480 2352 sursum
1506 2323 1634 2351 eleuata
1660 2323 1743 2360 quod
1770 2323 1964 2359 specialiter.
2001 2331 2115 2351 canum
2140 2324 2188 2349 est

355 2385 424 2415 ‹lzcm
447 2385 573 2414 senium.
600 2385 743 2422 alioquin
769 2383 951 2412 timentium
980 2382 1085 2420 (aures
1110 2381 1254 2410 demissae
1279 2384 1346 2409 sunt
1370 2380 1411 2417 (f)
1443 2388 1472 2407 se
1497 2379 1617 2407 remisse
1643 2379 1677 2407 ‹le-
1702 2388 1741 2407 se.
1768 2384 1798 2407 at
1833 2379 1977 2408 horatius
2011 2378 2090 2407 dicit
2121 2386 2186 2406 non

356 2443 536 2472 defuturam
564 2442 625 2471 sibi
652 2442 784 2478 linguae
809 2440 1060 2469 amaritiulinem
1087 2439 1111 2467 si
1138 2441 1337 2476 prouocetur.
1366 2437 1421 2476 (ab
1449 2436 1555 2473 aliquo
1580 2436 1659 2478 Βφ).
1686 2435 1766 2464 conf.
1793 2434 1835 2464 C:
1865 2452 1903 2455 —-
1931 2435 2044 2470 alacer,
2071 2435 2186 2470 laetus,

355 2499 439 2529 omni
466 2499 594 2536 quidem
619 2500 733 2527 conatu
760 2500 791 2526 et.
816 2497 964 2525 omnibus
990 2495 1112 2524 uiribus
1139 2503 1213 2523 aure
1241 2498 1342 2523 erecta
1369 2502 1494 2522 sursum
1524 2510 1544 2513 ›-
1586 2492 1780 2522 timentium.
1822 2493 1937 2520 Ponere
1961 2491 2030 2527 uim,
2056 2494 2092 2520 ut
2119 2489 2186 2519 Cic.

355 2555 433 2584 Mur.
453 2556 510 2584 22:
538 2558 642 2584 totum
669 2554 810 2581 animum
837 2556 933 2589 atque
959 2561 1083 2581 omnem
1109 2560 1224 2580 curam.
1276 2550 1310 2588 9)
1337 2550 1436 2587 posuit
1462 2551 1489 2578 2.
1518 2548 1639 2578 inferas
1666 2553 1694 2577 et
1722 2548 1852 2587 inferas
1871 2549 1954 2577 libri.
2008 2546 2063 2586 10)
2089 2547 2186 2575 male—

344 2611 403 2649 fici
428 2612 456 2640 2.
484 2612 528 2639 ita
554 2610 693 2648 definiret
717 2609 754 2638 R.
808 2609 862 2647 12)
887 2608 965 2647 quod
988 2608 1050 2637 A2.
1077 2611 1197 2645 recepto
1223 2608 1252 2635 2.
1284 2610 1317 2635 ut
1345 2605 1429 2634 canis
1455 2615 1517 2642 rep.
1545 2606 1614 2634 (Jlbt)
1639 2615 1721 2643 quem
1747 2604 1956 2634 insectabatur
1980 2614 2004 2632 r.
2037 2602 2117 2641 quod
2139 2603 2186 2632 in-

356 2667 528 2696 sectabatur
554 2671 678 2704 reperto
706 2666 775 2695 cibo
795 2666 832 2694 A.
860 2669 896 2694 ut
923 2666 1012 2694 canis
1037 2664 1144 2694 desinit
1166 2663 1281 2701 insequi
1305 2669 1427 2700 roperto
1453 2663 1523 2692 cibo
1549 2672 1642 2700 quem
1671 2661 1886 2691 insectabatur
1903 2660 1939 2689 R.
1966 2660 2187 2689 insectabatur

360 2725 408 2752 12.
435 2728 469 2752 ut.
496 2724 585 2752 canis
611 2724 665 2760 qui
693 2726 819 2760 reperto
849 2722 917 2751 cibo
946 2722 1099 2750 insectari
1127 2721 1247 2749 desinit¹
1273 2720 1412 2749 mvcafh.
1440 2724 1473 2748 ut
1501 2728 1606 2747 canem
1633 2718 1671 2753 Q.
1739 2717 1794 2757 14)
1821 2718 1897 2746 dicit
1930 2718 1958 2746 2.
1992 2716 2061 2745 rell.
2095 2716 2186 2744 dimit.

361 2780 414 2819 17)
441 2781 563 2810 Datim)
589 2790 634 2808 ca.
661 2779 737 2818 Lyc.
763 2778 882 2815 Ali-2³:
909 2779 977 2807 rell.
1006 2778 1082 2817 Lyc.
1111 2777 1285 2815 (Lycambe
1310 2775 1361 2814 ra)
1388 2776 1496 2805 (latino
1523 2785 1608 2804 casu.
1636 2776 1724 2803 cuius
1744 2792 1784 2795 2—-
1811 2775 1925 2803 habuit
1950 2782 2012 2803 0111.
2039 2772 2076 2802 Α.
2128 2772 2184 2810 18)

358 2838 510 2866 neobolen
537 2837 722 2871 Rl‘2‚mvac.
818 2835 1001 2863 Archilocus
1026 2834 1073 2875 Αγ
1098 2835 1159 2870 bis,
1186 2838 1218 2862 111
1247 2833 1374 2871 plurimi
1401 2837 1480 2862 uett.
1507 2833 1598 2861 codd.
1626 2831 1753 2860 Horatii
1780 2830 1811 2859 S.
1826 2830 1866 2867 II,
1894 2832 1923 2867 3,
1954 2831 2003 2859 12.
2031 2829 2102 2858 Art.
2128 2829 2184 2858 Po.

359 2894 399 2921 79
426 2893 623 2921 Archil-›cvm
649 2896 746 2929 atque
773 2892 869 2920 etiam
896 2892 1092 2920 adiectiuum
1117 2889 1329 2919 Archilocz'zmz
1354 2889 1384 2917 in
1412 2889 1482 2917 Par.
1510 2889 1537 2917 A
1565 2889 1603 2917 de
1628 2893 1730 2917 metro
1756 2888 1796 2916 ad
1823 2887 1858 2916 C.
1884 2886 1909 2923 Ι,
1937 2888 1965 2915 4.
1995 2904 2033 2907 μ
2059 2886 2186 2915 nomine

359 2948 463 2987 G(Q).
489 2949 557 2977 rell.
585 2958 644 2976 om.
714 2948 769 2985 19)
798 2956 855 2976 nec
880 2948 956 2976 (lata
982 2951 1031 2976 est
1057 2956 1074 2975 a
1101 2956 1150 2984 pa.
1176 2946 1215 2975 A.
1245 2946 1312 2974 rell.
1340 2955 1397 2974 nec
1423 2954 1441 2973 a
1467 2955 1514 2982 pa.
1546 2945 1597 2973 (la.
1633 2948 1692 2974 est.
1725 2962 1765 2965 ἢ
1798 2944 1870 2972 hnic
1896 2942 1979 2971 cafh.
2006 2942 2076 2972 rell.
2103 2942 2185 2970 hinc.

358 3009 406 3034 est
430 3005 513 3033 libri.
540 3008 613 3033 esset
637 3004 758 3033 Liebel.
784 3005 824 3032 ad
851 3004 975 3033 Archil.
1003 3014 1032 3041 p.
1062 3005 1110 3032 15.
1161 3004 1218 3041 20)
1245 3002 1448 3030 maledictum
1474 3002 1534 3030 Al.
1557 3019 1592 3021 —
1611 3011 1672 3039 qno
1699 3004 1800 3030 tanto.
1828 3010 1888 3030 om.
1905 2999 1994 3038 Lyc.,
2021 2998 2071 3027 A‘2
2099 3002 2129 3026 et
2147 2997 2184 3034 R,

358 3062 412 3099 qui
437 3060 600 3099 Lycambes
627 3061 732 3097 posuit
758 3064 827 3097 post
855 3060 1029 3098 compulsus.
1080 3060 1137 3098 21)
1164 3059 1271 3089 dolore
1298 3062 1343 3087 est
1365 3058 1524 3095 perculsus
1556 3067 1579 3087 r.
1612 3058 1681 3086 rell.
1717 3062 1763 3086 est
1790 3058 1839 3086 do.
1866 3066 1966 3094 comp.
1994 3055 2097 3094 (comp.
2130 3054 2184 3093 R.)

357 3135 398 3139 -ι
426 3118 500 3146 uide
527 3116 645 3154 Script.
674 3126 732 3145 rer.
758 3117 859 3155 myth.
894 3117 964 3146 latt.
993 3116 1031 3145 G.
1058 3116 1097 3145 H.
1125 3116 1222 3145 Rode.
1249 3116 1275 3151 I,
1305 3116 1364 3144 148
1393 3125 1422 3143 11.
1451 3116 1524 3144 2211.
1563 3115 1602 3151 ΙΙ,
1634 3115 1705 3143 108.
1768 3115 1823 3152 22)
1861 3113 1969 3150 bupalo
2006 3111 2112 3148 AG‚h‚
2149 3114 2186 3140 ut

358 3174 478 3216 KBQP.
504 3172 611 3202 bubalo
637 3173 778 3209 b2,rvca,
806 3178 839 3203 ut
866 3173 902 3202 E.
924 3172 1038 3212 pabulo
1062 3182 1088 3214 γ.
1114 3173 1147 3202 in
1173 3173 1289 3208 lemm.,
1316 3170 1420 3200 bubalo
1447 3171 1476 3200 in
1505 3171 1635 3200 scholio.
1661 3179 1780 3209 yppon.
1813 3173 1844 3199 et
1870 3170 1974 3208 ippon.
2003 3168 2038 3197 A.
2074 3168 2184 3206 hipou.

358 3231 420 3274 Βφ.
446 3239 543 3269 ypon.
574 3231 598 3258 1.
625 3229 723 3268 hypp.
749 3239 772 3258 r.
