2170 3460
823 158 870 190 IN
897 157 1041 190 CARM.
1070 159 1100 195 1,
1119 162 1150 189 2.
1851 145 1900 185 11

192 284 258 325 33.
295 283 484 337 Erycina.
534 281 673 322 ridens
704 279 849 322 Venus
885 280 938 321 ab
969 279 1122 334 Eryce,
1160 280 1202 319 in
1244 294 1325 333 quo
1366 279 1546 320 maxime
1578 279 1739 329 colitur,
1777 279 1902 320 dicta.

87 358 197 411 Verq.
230 354 304 409 (A.
326 354 380 404 V,
413 355 534 409 759):
573 355 750 410 Erycino
781 355 823 394 in
853 355 1000 395 uertice
1031 354 1141 393 sedes
1175 353 1389 394 Fundotw·
1422 354 1560 393 Veneri
1588 354 1757 394 Idaliae.
1816 350 1902 392 Sed

79 428 259 472 Veneris
290 442 442 469 numen
473 442 556 469 non
587 441 717 481 usque
749 426 852 468 adeo
884 426 982 467 mite
1014 439 1104 466 csse
1134 425 1257 473 solet;
1289 440 1385 466 nam
1418 425 1523 465 irata
1545 423 1657 466 Solis
1677 425 1785 466 filias
1806 439 1902 480 per-

79 509 220 545 secuta
249 508 322 544 est.

191 576 257 617 35.
289 576 384 617 Siue
413 576 633 629 neqleclum
662 589 798 628 oenus.
841 571 955 624 Quia
977 571 1203 613 Caesarem
1235 570 1371 612 occidi
1403 586 1550 625 passus
1581 577 1654 620 est,
1686 571 1774 612 siue
1805 571 1903 625 quia

79 655 223 704 postea
253 649 295 689 in
326 648 527 689 ultionem
558 647 646 688 eius
678 646 833 688 bellum
864 645 987 686 ciuile
1018 645 1108 686 fieri
1140 645 1342 700 permisit.
1371 671 1410 675 —
1444 646 1493 685 Et
1522 643 1709 700 Nepotes]
1734 644 1903 700 Nepotes

78 721 166 763 eius
196 721 409 763 Romanos
440 720 544 761 dixit
575 734 652 775 per
681 718 917 760 Romulum.

189 795 256 836 36.
286 795 469 850 Respicis
508 802 661 835 auctor.
710 792 829 833 Mars
867 798 1012 833 auctor
1049 805 1125 846 per
1164 791 1285 832 Iliam
1327 791 1393 831 uel
1432 790 1670 840 Romulum,
1709 796 1753 830 ut
1791 791 1900 845 Verq.

78 867 152 923 (A.
174 867 251 917 VI,
285 868 404 923 780):
438 868 569 908 Ve'den'
600 874 643 908 ut
671 867 851 920 qemmae
882 873 987 907 stom
1018 867 1168 906 uertice
1200 867 1355 912 cristae,
1389 874 1421 905 el
1444 873 1563 920 poter
1592 866 1674 921 ipse
1696 879 1768 905 suo
1789 879 1902 920 svpe-

77 956 169 982 γυνη
199 942 280 982 iam
309 945 442 995 siqua!
472 941 631 981 honore.

189 1015 255 1055 37.
291 1014 413 1055 Ludo.
455 1012 626 1053 Ludum
647 1011 799 1053 Martis
830 1012 935 1053 dixit
965 1011 1075 1052 bella
1096 1010 1251 1060 ciuilia,
1284 1010 1402 1051 cuius
1428 1010 1550 1051 ludus
1572 1010 1614 1050 in
1636 1009 1808 1064 praeliis
1829 1016 1903 1051 est.

189 1088 256 1129 38.
292 1088 417 1137 Quem
448 1085 580 1141 iuuat]
623 1085 818 1134 delectat3
856 1085 1038 1126 Martem
1079 1084 1191 1125 enim
1229 1091 1267 1125 et
1298 1083 1472 1125 bellicus
1504 1083 1662 1124 clamor
1692 1089 1732 1124 et
1761 1083 1902 1138 splen-

77 1159 218 1201 dentia
240 1159 323 1201 tela
344 1159 564 1208 delectant,
595 1166 638 1200 ut
669 1160 777 1213 Very.
800 1157 875 1213 (A.
897 1157 953 1208 II,
978 1159 1072 1213 27):
1116 1158 1238 1199 quat
1258 1159 1319 1199 ire
1341 1165 1376 1199 et
1401 1158 1550 1199 Dorica
1583 1164 1729 1210 castra,
1762 1157 1904 1197 Deser-

78 1242 210 1290 [osque
240 1234 378 1275 uidere
410 1234 528 1274 locos.

189 1307 255 1348 39.
291 1307 339 1347 Et
369 1307 520 1349 Mauri.
565 1304 765 1346 Maurum
796 1304 970 1346 abusiue
1001 1304 1141 1360 posuit
1170 1319 1247 1360 pro
1280 1319 1542 1359 quocumque
1573 1304 1702 1345 hoste.

189 1381 256 1420 41.
288 1379 382 1421 Siue
412 1386 565 1420 mutata
595 1380 781 1420 iuuenem
807 1378 957 1434 fiyura.
998 1377 1259 1419 Mercurium
1291 1377 1405 1427 dicit,
1438 1377 1526 1418 siue
1558 1377 1657 1432 quia
1687 1376 1730 1417 in
1761 1377 1902 1418 diuer-

77 1467 143 1494 sas
163 1458 388 1507 potestates
418 1451 709 1507 transfigurari
731 1451 959 1500 consueuit,
982 1451 1070 1492 siue
1092 1451 1191 1505 quia
1212 1466 1306 1492 eum
1327 1451 1417 1493 uult
1437 1449 1633 1506 Augusto
1655 1464 1731 1505 per
1751 1450 1901 1491 Troia-

76 1540 151 1566 nos
181 1532 398 1580 parentem
435 1524 584 1574 uideri,
616 1530 660 1565 ut
695 1525 804 1579 Verq.
836 1522 911 1578 (A.
939 1523 1062 1571 VIII,
1101 1526 1222 1580 140):
1256 1528 1308 1566 Ac
1336 1526 1504 1575 Maiam,
1538 1525 1687 1566 auditis
1718 1525 1758 1565 si
1785 1525 1901 1580 quid-

78 1613 196 1654 quam
227 1600 440 1648 credimus,
473 1599 589 1639 Atlas
622 1598 730 1639 Idem
762 1598 877 1639 Atlas
906 1605 1083 1652 9encrot,
1117 1599 1223 1639 coeli
1249 1600 1320 1654 qui
1347 1599 1480 1640 sidera
1513 1606 1676 1653 torquet.
1737 1597 1806 1638 Sic
1834 1612 1901 1651 qe-

75 1686 152 1713 mes
184 1673 392 1713 amborum
423 1671 569 1713 scindit
595 1686 633 1713 se
654 1672 850 1725 sanquine
873 1671 921 1712 ab
943 1686 1035 1713 imo.
1089 1672 1140 1712 Et
1159 1673 1301 1712 uenias
1325 1686 1548 1728 precamur
1569 1686 1593 1712 a
1615 1669 1902 1726 superioribus

74 1745 230 1800 ubique
262 1744 473 1787 subaudis.

186 1820 255 1869 42,
291 1819 358 1860 43.
397 1819 537 1859 Almae
573 1817 683 1873 filius
725 1818 874 1860 Maiae.
934 1816 998 1857 Ne
1040 1814 1209 1872 Cupido
1249 1823 1478 1872 putaretur,
1523 1817 1619 1858 ideo
1656 1816 1762 1858 dixit
1793 1817 1902 1872 filius

76 1892 229 1942 Maiae,
275 1898 320 1933 ut
354 1890 615 1932 Mercurium
652 1890 901 1932 ostenderet.
970 1891 1078 1945 Verq.
1117 1888 1192 1945 (A.
1229 1890 1262 1940 Ι,
1305 1892 1428 1946 297).
1487 1892 1535 1932 Ec
1573 1892 1688 1932 Maia
1725 1891 1902 1945 yem'tum

76 1958 241 2008 derm'tm
270 1966 318 2007 ab
350 1966 443 2006 alto.

187 2039 253 2080 45.
294 2038 418 2080 Serus
458 2039 499 2079 in
539 2038 706 2079 caelum.
759 2035 825 2078 Ac
864 2036 899 2078 si
944 2036 1119 2077 diceret:
1166 2036 1237 2077 diu
1275 2036 1395 2079 uiuas
1435 2037 1657 2088 Romanis,
1703 2043 1744 2078 et
1782 2037 1901 2078 tarde

76 2112 198 2154 diuus
227 2112 315 2152 fias.

188 2185 255 2224 47.
294 2184 403 2225 Viliis
432 2185 624 2240 iniquum.
666 2182 839 2233 Iratum,
870 2182 1161 2238 indignantem
1184 2183 1370 2238 peccatis
1390 2183 1542 2226 nostris
1570 2191 1611 2226 et
1630 2189 1803 2240 propter
1823 2184 1902 2225 hoc

74 2255 305 2312 fugientem
334 2271 422 2298 nos.

189 2331 254 2372 50.
287 2331 493 2385 Princeps.
534 2328 656 2371 quta
686 2343 846 2371 morem
877 2328 1132 2384 principum,
1164 2330 1235 2385 qui
1266 2337 1407 2385 patres
1438 2331 1600 2386 patriae
1631 2331 1838 2373 dicuntur.

192 2462 224 2500 1)
251 2462 382 2492 Ericina
413 2463 520 2492 ridens
552 2462 581 2492 A
613 2462 645 2491 in
680 2462 768 2498 Hor„
801 2461 874 2491 eric.
901 2462 982 2491 rides
1006 2462 1039 2491 in
1063 2463 1225 2492 lemmate.
1260 2462 1340 2493 erice
1364 2463 1436 2493 AN.
1463 2472 1555 2503 eryce
1578 2463 1629 2493 ubi
1651 2464 1768 2493 colitur
1801 2464 1830 2492 2.
1862 2463 1902 2492 ab

75 2518 178 2548 herico
206 2520 233 2547 1.
261 2520 300 2548 ab
314 2520 396 2548 erice
426 2523 521 2548 monte
551 2529 575 2556 r⁷
606 2519 645 2548 ab
677 2518 782 2557 Eryce
813 2522 923 2548 monte
949 2518 985 2555 C,
1018 2520 1057 2548 ab
1083 2519 1177 2549 ericio
1201 2524 1311 2549 monte
1334 2520 1373 2557 R,
1399 2529 1418 2549 a
1442 2525 1551 2550 monte
1575 2520 1679 2560 Eryce
1705 2521 1756 2550 fh.
1805 2520 1840 2558 3)
1869 2520 1902 2548 i11

76 2574 160 2604 litore
185 2574 242 2605 AC
252 2585 275 2604 r.
301 2574 384 2605 dieta
408 2593 448 2596 ——
469 2579 630 2614 persecuta
661 2579 703 2604 est
727 2584 788 2605 0111.
816 2576 846 2604 2.
870 2575 1035 2604 Fundatar
1066 2576 1173 2606 Veneri
1203 2576 1321 2606 Idaliae
1351 2586 1412 2606 om.
1437 2576 1493 2606 Ar.
1559 2577 1594 2615 7)
1622 2576 1693 2606 Siue
1718 2576 1793 2614 quia
1818 2585 1901 2605 omn.

75 2635 203 2669 praeter
227 2631 295 2661 A2.
320 2641 432 2669 passus
454 2631 493 2661 sit
510 2632 571 2660 Ab.
598 2640 691 2669 passa
716 2635 765 2660 est
789 2631 830 2661 N.
880 2631 915 2670 6)
942 2631 1072 2670 Nepotes
1089 2632 1151 2661 eius
1169 2642 1252 2662 omn.
1268 2643 1327 2662 om.
1346 2636 1472 2670 praeter
1483 2633 1522 2661 A.
1535 2642 1595 2671 per
1610 2632 1664 2669 Ar,
1684 2633 1751 2662 rell.
1762 2636 1900 2670 propter.

76 2688 176 2717 schol.
203 2697 264 2717 om.
284 2687 320 2717 C.
370 2688 405 2726 8)
434 2688 519 2717 Mars
536 2692 689 2726 azcyustum
705 2687 766 2717 Ab.
785 2688 898 2716 Auctor
914 2705 957 2708 Η
973 2687 1082 2717 honore
1107 2698 1168 2718 0111.
1194 2689 1224 2718 2.
1249 2689 1298 2718 uel
1313 2689 1401 2718 Rom.
1427 2689 1505 2725 Abr,
1531 2689 1599 2717 rell.
1617 2691 1652 2717 et.
1670 2688 1756 2717 Mars
1772 2692 1903 2726 propter

75 2743 168 2772 Iliam
183 2743 306 2773 Romuli
325 2748 460 2774 matrem
477 2744 512 2774 C.
540 2744 574 2782 9)
593 2744 760 2773 Viden’-
772 2748 860 2774 stant
877 2755 938 2774 om.
960 2745 1023 2782 Al,
1041 2755 1159 2775 rmvca.
1191 2745 1246 2784 10)
1266 2746 1412 2775 honorem
1429 2745 1480 2774 Ab
1497 2749 1532 2774 ut
1549 2745 1678 2783 Menag.
1708 2745 1763 2784 11)
1784 2746 1863 2774 dicit.
1883 2745 1901 2773 2

80 2799 135 2838 11)
161 2804 209 2829 est
233 2800 265 2829 in
282 2802 379 2838 prael.
404 2801 439 2830 R.
495 2800 550 2839 12)
573 2800 665 2834 Quem
687 2800 780 2830 iuuat.
806 2801 896 2830 iuuat
921 2801 1059 2830 delectat
1083 2801 1146 2830 Ab.
1173 2802 1193 2831 i.
1219 2802 1361 2833 delectat
1385 2811 1410 2839 r,
1441 2802 1508 2831 rell.
1536 2811 1597 2831 om.
1622 2801 1756 2831 delectat.
1785 2801 1901 2831 Totum

76 2856 174 2886 schol.
200 2866 261 2886 om.
288 2857 317 2886 2.
369 2857 424 2896 15)
452 2867 507 2895 pro
530 2856 659 2895 qualibet
671 2860 754 2896 yeme
770 2857 833 2899 Βφ.
885 2857 940 2896 16)
968 2857 1039 2887 dicit
1054 2857 1169 2896 —fias
1193 2868 1253 2887 om.
1281 2858 1310 2886 2.
1363 2857 1417 2896 17)
1445 2866 1515 2886 eum
1540 2858 1609 2887 uult
1626 2857 1667 2888 A.
1693 2861 1728 2887 ut
1752 2857 1842 2895 Virg.
1861 2857 1901 2886 A.

79 2911 135 2950 18)
162 2912 207 2942 At
236 2912 323 2942 Maia
354 2913 507 2951 Al,rmv‚
538 2914 608 2943 rell.
642 2917 676 2943 at
692 2913 821 2943 Maiam.
871 2914 926 2953 19)
954 2914 1079 2943 creditis
1102 2914 1165 2952 Ar,
1191 2918 1225 2943 ut
1252 2913 1347 2950 Gud.‚
1373 2915 1441 2943 rell.
1467 2914 1624 2944 credimus.
1653 2914 1790 2944 Atlclans
1817 2914 1899 2952 (bis)

76 2968 116 3005 A,
142 2969 248 2999 athlas
272 2970 312 3007 N,
329 2970 398 2998 rell.
424 2971 517 2999 atlas.
570 2970 624 3009 19)
651 2971 731 3000 caeli
756 2971 810 3009 qui
835 2970 940 3000 sidera
964 2975 1078 3009 torquet
1101 2970 1189 3000 ACR
1215 2970 1347 3009 (tollit).
1397 2969 1454 3009 21)
1481 2970 1616 3000 subaudi
1638 2979 1733 3008 supra
1758 2971 1782 3007 I,
1803 2972 1830 3007 l⁷
1852 2972 1900 2999 18.

79 3024 135 3063 22)
162 3025 227 3055 Nec
251 3025 291 3054 A.
341 3025 398 3064 22)
425 3026 512 3055 dixit
537 3026 636 3056 filium
659 3026 717 3056 Ar.
767 3026 825 3065 27)
852 3027 970 3057 iratum
995 3028 1190 3057 contrarium
1215 3026 1343 3064 indign.
1358 3025 1428 3056 AC.
1447 3026 1579 3065 iniquum
1596 3027 1708 3056 durum
1724 3027 1901 3065 indignan-

76 3083 142 3109 tem
160 3090 182 3109 r.
208 3081 351 3119 iniquum
367 3080 519 3112 inimicum
536 3083 741 3114 octauianum
757 3083 838 3114 dicit
862 3084 956 3113 uiciis
981 3093 1191 3120 romanorum,
1218 3084 1292 3122 quia
1310 3092 1366 3113 suo
1384 3087 1524 3122 tempore
1551 3083 1753 3122 expugnauit
1779 3083 1815 3122 (1.
1843 3092 1900 3113 ex-

77 3137 244 3175 purgauit)
271 3137 355 3167 uicia
373 3147 480 3168 eorum
496 3139 527 3168 b.

1951 577 1969 606 5

1927 940 1968 971 10

1928 1672 1969 1703 20

1927 2038 1946 2069 10

1950 2038 1968 2068 ΕΠ
