2283 3535
834 205 881 236 IN
908 205 1050 237 OARM.
1078 206 1136 243 lv,
1163 209 1192 236 4.
1837 201 1916 239 395

209 326 276 366 48.
309 325 345 366 d.
378 326 413 366 Ιι.
446 333 586 366 rectos.
659 325 724 365 Ita
753 327 855 366 reoli
882 325 942 365 dii
972 325 1145 379 propitii
1180 332 1224 365 ut
1261 327 1398 367 auersi
1437 328 1531 368 irati
1570 329 1831 379 dicebantur,
1876 338 1920 370 ut

99 396 173 453 (A.
204 397 239 446 I,
269 399 391 449 482):
425 398 534 438 Diua
565 398 647 439 solo
673 398 778 452 fixos
809 398 944 438 oculos
974 411 1119 437 auersa
1152 398 1316 438 tenebat.

209 471 276 510 49.
304 470 493 526 perfidus.
573 470 686 521 Quia
716 470 847 524 ipsius
878 470 1076 510 instinctu
1107 476 1198 523 post
1230 470 1412 524 primum
1445 469 1598 512 bellum
1630 474 1772 515 fractis
1802 475 1919 528 pacis

101 542 421 584 condicionibus
452 542 495 583 in
526 542 682 583 bellum
713 542 893 582 reditum
923 549 996 583 est.

210 616 275 656 50.
308 616 422 656 cerm·
449 616 472 656 l.
548 614 681 666 Quasi
712 613 968 655 Hannibalis
1000 614 1198 669 fugientis
1229 615 1458 655 orationem
1498 615 1631 670 fingit,
1678 617 1731 656 ad
1768 618 1920 659 milites

98 702 193 729 suos
224 703 306 742 qua
337 688 467 729 dicat:
504 687 749 741 Pugnamus
780 694 924 728 contra
955 701 1038 736 eos,
1087 702 1189 740 quos
1221 687 1254 727 si
1286 687 1555 734 cuascrixnus,
1602 702 1678 742 pro
1709 689 1919 743 triumpho

96 761 347 801 habendum.
420 760 522 801 Ideo
552 766 690 801 autem
721 760 830 814 lupis
860 759 1121 814 comparauit
1152 759 1375 809 Romanos,
1421 759 1520 814 quia
1561 766 1706 801 auctor
1739 761 1921 802 nominis

97 847 240 874 eorum
270 848 295 873 a
324 833 425 887 lupa
454 832 633 873 nutritus
664 839 736 873 est.

210 906 274 946 53.
306 920 400 960 qens
432 921 464 961 q.
498 914 672 947 cremato
701 907 731 958 f.
762 920 797 945 α.
830 905 862 945 Ι.
936 904 1172 958 Tamquam
1210 904 1403 945 Romana
1439 919 1542 960 gens
1580 920 1656 959 per
1691 905 1845 946 damna
1881 914 1920 947 et

97 977 245 1019 caedes
276 977 467 1028 creuerit,
512 977 606 1019 ideo
638 984 677 1018 ct
707 977 945 1032 exemplum
975 977 1129 1018 Troiae
1166 977 1297 1032 ponit,
1343 992 1367 1018 a
1405 993 1486 1031 qua
1525 978 1726 1020 oriundus
1764 987 1838 1029 est,
1875 986 1920 1020 ut

97 1049 171 1105 (A.
201 1049 285 1100 XI,
318 1051 439 1106 306):
483 1065 578 1106 quos
607 1051 724 1092 malla
752 1051 927 1105 satt'qant
960 1051 1131 1100 Proelia,
1163 1065 1234 1092 nee
1264 1052 1366 1091 uicti
1386 1060 1560 1106 possunt
1588 1052 1775 1093 absistere
1807 1054 1919 1094 bello.

209 1124 275 1164 54.
306 1138 439 1164 sacra..
499 1122 616 1164 Deos
646 1122 839 1172 Penates,
872 1123 924 1164 de
955 1123 1106 1177 quibus
1145 1124 1255 1178 Verq.
1288 1122 1361 1177 (A.
1392 1122 1449 1172 H,
1482 1124 1604 1177 292);
1639 1124 1764 1166 Sacra
1795 1140 1919 1166 suos—

96 1211 169 1252 que
198 1196 266 1237 tibi
294 1197 560 1237 commendate
595 1197 631 1237 Τ
631 1197 716 1237 rosa
748 1197 925 1237 Penates.
986 1197 1070 1237 Hos
1100 1211 1191 1251 cape
1221 1197 1400 1250 fatorum
1432 1198 1601 1237 comites.

209 1269 273 1310 55.
304 1277 455 1323 natosq.
489 1283 562 1309 ma.
590 1276 739 1324 patres.
799 1267 858 1309 Ut
895 1266 970 1321 (A.
1001 1267 1058 1317 ΙΙ,
1092 1268 1214 1323 747);
1263 1269 1482 1309 Ascanium
1520 1270 1803 1324 Anclze'semque
1826 1285 1917 1325 pct-

96 1349 194 1382 trem
226 1340 499 1397 [Teucrosque
530 1342 698 1382 Penates
734 1341 970 1382 Commendo
1001 1342 1118 1382 sociis
1150 1349 1185 1382 et
1215 1355 1346 1383 curua
1375 1343 1485 1383 ualle
1515 1341 1721 1397 recondo}
1769 1342 1920 1396 quibus

95 1413 283 1454 liberatis
313 1411 482 1454 Aeneas
513 1413 567 1454 ad
593 1412 760 1453 Italiam
791 1413 916 1454 uenit.

209 1488 274 1528 57.
307 1483 433 1528 tensa.
494 1484 643 1527 Caesa.
675 1512 728 1516 -

207 1560 272 1600 58.
304 1559 443 1612 feraci.
500 1557 538 1599 F
541 1559 663 1599 ertili.

208 1632 273 1673 59.
302 1646 375 1688 per
405 1632 441 1673 d.
478 1647 509 1673 c.
532 1647 576 1688 p.
635 1631 726 1672 Ilex
758 1632 869 1673 enim
902 1646 1024 1673 caesa
1054 1632 1164 1673 ferro
1193 1631 1342 1673 melius
1371 1631 1561 1686 pullulat.

209 1704 273 1744 61.
303 1719 383 1745 mm
406 1705 550 1759 Hydra
573 1721 602 1745 s.
636 1720 667 1746 e.
699 1705 729 1758 f.
788 1703 997 1759 Exemplo
1027 1704 1136 1745 ilicis
1167 1719 1378 1745 ramorum
1410 1705 1563 1746 damno
1594 1704 1792 1755 melioris,
1823 1704 1918 1760 Hy·
1945 1718 1951 1726 ·

95 1776 195 1817 drae
226 1776 363 1826 etiam,
388 1791 507 1831 quae,
543 1776 693 1818 excisis
725 1776 800 1818 sub
822 1776 1009 1817 Hercule
1040 1784 1281 1832 serpentum
1299 1776 1520 1831 capitibus,
1552 1778 1816 1819 numerosior
1846 1792 1918 1818 ex-

96 1848 326 1899 crescebat,
379 1849 522 1890 laudat
565 1849 775 1891 Romanos
821 1849 1024 1890 bellorum
1068 1849 1233 1890 damnis
1287 1849 1481 1890 meliores
1526 1864 1692 1904 semper
1737 1851 1917 1892 effectos.

96 1920 351 1963 Colchorum
381 1937 546 1976 quoque
577 1937 648 1963 eos
678 1929 863 1964 monstro
895 1929 1122 1977 comparat,
1168 1922 1241 1963 ubi
1272 1922 1369 1963 satis
1400 1922 1595 1963 draconis
1625 1923 1820 1964 dentibus
1851 1938 1918 1963 ar-

93 1994 195 2036 mati
225 1995 276 2036 de
307 2001 441 2036 terrae
472 1994 597 2037 sulcis
629 1993 748 2051 [uiri]
782 1994 941 2051 egressi
962 2002 1069 2044 sunt,
1102 2010 1205 2049 quos
1225 1994 1358 2037 Jason
1379 1994 1559 2036 Medeae
1581 2001 1669 2037 arte
1691 1995 1916 2050 superauit.

210 2167 241 2205 1)
268 2166 318 2195 Ita
343 2167 422 2196 recti
447 2166 538 2196 ARl.
566 2167 697 2205 propitii
722 2168 803 2196 recti
829 2166 968 2196 mvcafh.
994 2166 1055 2196 iam
1079 2167 1156 2196 recti
1188 2177 1212 2195 r.
1246 2166 1290 2195 dii
1323 2175 1407 2195 omn.
1442 2167 1526 2195 libri.
1561 2167 1608 2195 dei
1641 2167 1680 2202 Q.
1715 2184 1757 2187 --
1790 2166 1916 2196 aduersi

93 2222 184 2253 RlG.
208 2223 276 2252 rell.
302 2223 407 2252 auersi
471 2222 506 2261 2)
532 2223 665 2252 aduersa
690 2223 812 2254 ARlG.
841 2223 909 2252 rell.
935 2231 1056 2252 auersa.
1120 2222 1154 2260 3)
1180 2222 1319 2251 instinctu
1345 2222 1426 2252 libri.
1453 2223 1661 2252 addubitauit
1687 2221 1726 2257 Q.
1751 2232 1814 2251 non
1840 2232 1917 2260 opus

93 2284 141 2309 est
165 2280 303 2308 scribere
328 2279 533 2318 instiqatz'tme.
559 2280 591 2309 vi
617 2282 713 2317 atque
739 2280 894 2309 instinctu
925 2279 992 2308 eius
1018 2279 1069 2307 dei
1096 2277 1177 2307 Gell.
1204 2278 1286 2315 XVI,
1323 2280 1372 2307 17.
1407 2279 1565 2308 instinctu
1598 2279 1775 2316 inflatuque
1807 2279 1918 2307 diuino

93 2334 160 2365 Cic.
186 2335 262 2364 Diu.
288 2335 312 2372 Ι,
342 2336 391 2364 18.
416 2335 543 2373 impulsu
568 2339 599 2364 et
624 2336 784 2364 instinctu
814 2335 896 2364 Gell.
922 2334 948 2372 Ι,
978 2337 1027 2363 11.
1065 2334 1148 2364 conf.
1174 2334 1300 2363 Achaia
1324 2334 1465 2363 instincta
1489 2334 1519 2363 in
1544 2334 1648 2364 bellum
1672 2335 1787 2364 Vellei.
1812 2334 1837 2371 Ι,
1867 2335 1916 2363 12.

94 2391 160 2420 sch.
184 2401 244 2420 om.
271 2390 356 2432 γ1),(3.
381 2390 436 2432 -s‚C
460 2392 583 2421 habent
608 2392 686 2421 hoc:
718 2392 792 2429 quia
816 2392 940 2428 primus
965 2390 1077 2420 foedus
1103 2392 1187 2419 inter
1212 2400 1359 2419 romanos
1386 2395 1417 2419 et
1442 2400 1559 2428 poenos
1585 2391 1707 2420 factum
1732 2390 1842 2427 fregit.
1882 2388 1917 2427 5)

95 2456 158 2484 qua
181 2446 271 2475 Α2.1·.
298 2447 388 2484 quasi
412 2446 446 2474 R..
475 2448 544 2476 rell.
572 2448 636 2485 qui.
671 2446 766 2476 Verba
792 2446 965 2476 Annibalis
991 2447 1032 2474 ad
1057 2446 1124 2474 mil.
1153 2455 1226 2475 suos
1254 2445 1288 2475 C.
1323 2447 1510 2475 hanniba'is
1541 2447 1584 2484 gl.
1609 2456 1636 2487 γ.
1670 2456 1846 2484 pugnemus
1879 2445 1915 2473 R.

89 2511 258 2541 pergamus
287 2503 314 2531 1.
340 2501 506 2531 sectamur
531 2502 606 2531 Hor.
634 2503 663 2533 2.
693 2503 869 2540 fugerimus
903 2504 931 2531 2.
966 2511 1051 2531 euas.
1081 2502 1243 2539 triumpho
1277 2502 1395 2530 habere.
1428 2501 1631 2532 demus-'ideo
1663 2502 1702 2531 A.
1732 2502 1917 2531 habendum

94 2561 136 2587 est
161 2558 217 2593 2,r.
244 2558 449 2587 habeundum
472 2558 508 2587 R.
535 2568 613 2596 quos
637 2559 740 2588 vitare
767 2559 904 2587 uictoria
929 2561 977 2587 est
1001 2567 1028 2599 γ.
1077 2557 1111 2595 8)
1139 2567 1246 2586 corum
1270 2557 1384 2595 lupamc
1408 2557 1447 2587 A.
1474 2567 1492 2586 a
1518 2568 1578 2587 om.
1603 2558 1668 2593 A,r.
1725 2558 1759 2595 9)
1786 2566 1917 2586 romana

93 2623 172 2651 gens
196 2613 400 2650 Rl2‚rmvea.
426 2615 494 2643 rell.
522 2623 600 2652 gens
625 2624 670 2644 ro.
722 2615 777 2653 10)
805 2618 835 2643 et
860 2613 1058 2650 AR12,rmv.
1085 2613 1156 2642 rell.
1185 2624 1245 2643 om.
1267 2632 1301 2634 -
1323 2613 1454 2643 oriundo
1480 2615 1508 2642 2.
1539 2614 1674 2643 oriunda
1698 2623 1723 2642 r.
1776 2613 1831 2651 11)
1859 2622 1917 2641 nec

93 2687 136 2691 —-
161 2671 245 2700 bello
271 2680 330 2699 om.
356 2670 395 2699 A.
423 2670 503 2700 conf.
531 2669 620 2700 Seru.
646 2670 699 2706 IV,
727 2672 778 2699 40.
803 2670 938 2700 asistere
968 2670 1005 2699 R.
1068 2669 1122 2707 12)
1150 2669 1246 2699 Sacra
1289 2687 1324 2689 ss-
1360 2673 1494 2707 penates
1518 2679 1577 2698 om.
1603 2669 1648 2698 fh.
1675 2672 1814 2706 penates,
1853 2678 1916 2698 non

94 2725 213 2763 penatis
237 2726 322 2755 libri.
391 2726 445 2764 14)
461 2725 586 2764 fratres
611 2726 638 2755 A
664 2725 752 2763 Acr.,
776 2729 883 2763 patres
908 2726 984 2756 Hor.
1028 2743 1068 2746 ——-
1106 2726 1329 2763 anchisemque
1354 2725 1447 2762 AR2‚
1472 2729 1508 2754 ut
1532 2725 1647 2754 Medic.
1673 2725 1741 2753 rell.
1768 2728 1800 2753 et
1823 2724 1915 2753 Ribb.

94 2783 305 2819 anchisenque
330 2782 423 2811 Teuc.
450 2782 526 2810 Pen.
553 2791 613 2811 om.
639 2781 755 2819 AR2‚r.
782 2781 902 2811 Connn.
937 2798 977 2802 —
1010 2781 1148 2810 recondo
1173 2791 1233 2810 om.
1259 2780 1363 2818 A‚rfh.
1430 2781 1484 2819 15)
1511 2781 1626 2818 quibus
1665 2798 1697 2801 —
1741 2781 1830 2809 uenit
1855 2791 1915 2810 om.

93 2836 184 2867 R2G.
236 2838 292 2875 17)
318 2841 412 2867 tunsa
436 2838 466 2866 b.
492 2842 587 2867 tonsa.
615 2841 781 2875 amputata
804 2848 831 2880 γ.
859 2838 942 2868 conf.
971 2836 1007 2867 C.
1033 2838 1076 2875 gl.
1102 2846 1193 2866 caesa
1219 2841 1251 2866 et
1276 2837 1349 2866 fert.
1376 2847 1436 2866 oni.
1467 2836 1525 2866 1G.
1584 2837 1638 2875 19)
1663 2837 1744 2875 ylex
1768 2836 1808 2865 A.
1857 2837 1915 2875 20)

88 2893 214 2931 pululat
237 2893 295 2923 Rl.
360 2894 417 2933 21)
443 2895 543 2923 etiam
568 2903 649 2931 quae
675 2893 834 2932 (quaeque
859 2896 888 2934 r)
915 2895 998 2923 libri.
1026 2896 1121 2923 etiam
1145 2893 1230 2922 addit
1255 2893 1291 2927 Q.
1319 2902 1399 2930 quae
1423 2897 1456 2921 ut
1480 2901 1548 2921 exe.
1576 2909 1615 2912 ——
1643 2893 1850 2921 excrescebat
1876 2892 1917 2920 ita

94 2949 227 2978 Romani
266 2966 308 2970 —
349 2949 452 2978 effecti
472 2953 541 2978 seme
565 2948 599 2978 C.
627 2948 794 2978 Coniunxi
819 2949 950 2988 exemplo
975 2949 1141 2987 (ablatiu.)
1168 2959 1238 2978 cum
1262 2948 1376 2977 laudat.
1402 2947 1597 2977 ereo-escebac.
1624 2947 1746 2976 Laudat
1768 2947 1852 2976 libri.
1880 2947 1917 2976 ab

95 3004 188 3035 Herc.
216 3004 244 3039 Q
270 3005 365 3034 tacite
390 3015 450 3034 rec.
480 3015 520 3034 ex
547 3004 582 3034 C.
608 3005 659 3033 sub
684 3005 768 3034 herc.
795 3006 876 3034 libri.
902 3008 997 3034 recte.
1023 3004 1074 3033 sub
1100 3005 1120 3033 i.
1149 3014 1174 3032 e.
1201 3005 1258 3033 sub
1285 3005 1432 3032 manibus
1459 3003 1553 3032 Ouid.
1579 3002 1655 3031 Her.
1673 3003 1760 3039 XIII,
1783 3003 1839 3032 72:
1865 3012 1915 3032 ca—

97 3060 170 3087 dere
194 3059 244 3088 szch
268 3060 367 3089 milite.
395 3078 433 3081 —
461 3065 629 3098 serpentum
653 3070 735 3090 omn.
760 3061 845 3090 libri.
871 3065 978 3099 septem
1002 3060 1117 3090 inculc.
1138 3059 1176 3094 Q.
1203 3069 1354 3088 numerus
1381 3062 1564 3096 serpentum
1587 3067 1652 3087 non
1677 3059 1830 3087 definitus
1857 3062 1915 3087 est.

97 3123 211 3143 nouem
236 3124 343 3144 eorum
368 3116 475 3145 adfert
498 3116 651 3154 Apollod.
684 3121 812 3146 centum
837 3117 949 3154 Eurip.
980 3116 1075 3144 Herc.
1107 3115 1167 3144 fur.
1203 3116 1286 3144 1188
1318 3118 1377 3143 etc.
1411 3113 1492 3143 conf.
1525 3114 1662 3143 Pausan.
1695 3114 1793 3152 11,37.
1855 3112 1912 3151 23)

97 3170 266 3199 draconum
289 3171 325 3200 R..
374 3171 431 3212 24)
456 3173 518 3201 uiri
543 3183 602 3202 om.
628 3172 861 3211 AR12‚1·n1vea.
887 3173 962 3202 uide
988 3171 1080 3201 infra.

1946 986 1986 1017 10

1947 1350 1986 1380 15
