2283 3535
283 1055 321 1086 lO

282 1423 319 1453 15

349 251 429 290 518
982 259 1085 290 ACR.
1111 259 1171 290 ET
1196 258 1363 290 PORPH.
1391 258 1539 289 0011111.

462 384 529 424 33.
563 383 729 424 credula
760 397 832 424 nec
860 383 992 438 slauos
1024 383 1102 423 tim.
1136 395 1237 422 arm.
1260 382 1399 422 leones.
1458 379 1555 422 Non
1576 394 1684 434 quae
1705 394 1859 436 semper
1880 381 2048 422 credula
2070 386 2178 430 sunt,

347 456 391 497 in
421 456 501 498 hoc
532 455 703 497 credula
733 456 853 506 facta,
887 463 932 497 ut
962 470 1004 497 se
1036 454 1228 496 leonibus
1259 453 1531 496 committant.

460 530 526 570 34.
560 537 736 585 ametque
767 545 825 571 sa.
859 530 957 571 leuis
989 529 1088 570 hirc.
1121 542 1308 583 aequora.
1367 525 1542 582 Duplex
1579 526 1816 577 diuersitas,
1860 533 1905 567 ut
1951 525 2029 582 [et]
2078 533 2182 568 amet

347 616 524 658 aequora
555 603 706 653 hircus,
748 602 793 643 id
824 610 897 652 est,
943 609 988 642 ut
1018 601 1060 641 in
1090 600 1199 641 mari
1228 606 1425 649 moretur,
1472 606 1511 640 et
1542 599 1654 654 quod
1686 600 1788 640 leuis
1817 598 1902 649 fiat,
1949 613 2044 640 cum
2075 598 2180 640 alio-

350 675 451 730 quin
482 682 642 718 setosus
674 676 738 717 sit.

459 750 524 791 35.
558 750 623 790 36.
660 750 782 796 Haec,
814 756 849 789 et
871 762 970 803 quae
984 754 1070 803 pot.
1091 747 1245 788 reditus
1267 746 1444 788 abscind.
1468 746 1616 793 dulces,
1649 746 1803 787 Eamus
1825 746 1950 786 omnis
1972 752 2182 787 exsecrata

349 823 509 863 ciuitas.
571 820 715 863 Ordo:
753 822 862 862 Haec
896 829 1117 869 eoesecrala3
1150 825 1322 874 propter
1351 819 1462 859 hanc
1493 818 1837 868 exsecrationem,
1879 817 1922 858 id
1953 824 2027 868 est,
2059 817 2182 859 iure—

347 895 524 937 iurando
556 894 815 949 interposito.
876 893 933 934 Et
963 900 1023 935 est
1043 894 1224 949 figurata
1245 892 1444 934 elocutio:
1481 893 1630 934 Eamus
1652 893 1804 942 ce'm'tas,
1837 898 1882 932 ut
1903 889 1977 946 (A.
1999 890 2033 941 I,
2057 892 2179 947 212):

343 983 443 1025 pars
474 971 517 1010 in
547 970 684 1023 frusta
715 976 863 1010 secant.
928 968 1071 1009 Dulces
1102 973 1240 1008 autem
1271 966 1425 1007 reditus
1456 980 1540 1006 non
1571 965 1622 1005 de
1652 964 1717 1006 his
1748 964 1863 1015 dicit,
1896 964 2054 1020 quippe
2086 979 2182 1006 cum

348 1041 603 1083 abhorreant
635 1056 718 1091 eos,
751 1040 825 1082 sed
856 1041 927 1095 qui
959 1041 1135 1096 alioquin
1167 1040 1303 1080 dulces
1335 1038 1470 1080 solent
1500 1052 1603 1080 esse.

459 1115 525 1156 37.
559 1123 631 1156 aut
642 1128 747 1171 pars
768 1115 895 1155 iudoc.
927 1115 1067 1155 melior
1095 1127 1214 1169 qreqe
1242 1113 1376 1153 mollis
1408 1120 1442 1153 et
1465 1126 1605 1167 eoespes
1627 1112 1744 1153 iuom.
1772 1113 2001 1167 perprimat
2021 1112 2177 1153 cubilia.

345 1187 434 1229 Aut
465 1190 591 1230 omm's
623 1190 766 1230 ciuitas
804 1203 952 1237 eamus,
985 1186 1134 1241 inquit,
1164 1194 1210 1227 ut
1230 1201 1329 1241 pars
1351 1184 1485 1226 maior
1505 1191 1733 1234 remaneat,
1767 1199 1873 1239 quae
1894 1185 2022 1227 mollis
2051 1184 2182 1226 animi

345 1277 394 1303 ac
425 1264 510 1304 sine
541 1277 607 1317 spe
638 1268 699 1303 est
730 1275 958 1317 expersque
988 1259 1167 1301 uirtutis.
1227 1259 1337 1300 Fere
1368 1264 1507 1299 autem
1537 1257 1815 1313 inperitorum
1846 1272 1895 1299 ac
1926 1258 2180 1300 deteriorum

345 1335 481 1376 maior
511 1335 659 1376 modus
691 1343 764 1386 est,
797 1334 876 1376 hoc
908 1341 982 1384 est,
1029 1334 1073 1374 in
1104 1331 1362 1382 melioribus,
1408 1338 1453 1372 ut
1482 1331 1541 1372 ait
1569 1330 1647 1372 Ille
1694 1331 1832 1386 (Hom.
1876 1330 1926 1372 ΙΙ.
1974 1330 2009 1382 Ι,
2057 1332 2181 1387 576):

347 1408 435 1449 ἐπεὶ
465 1408 512 1449 τὰ
542 1409 738 1464 χερείονα
771 1411 874 1462 νικᾷ.

344 1564 369 1593 Ι.
396 1564 427 1601 4,
454 1564 582 1594 diuersa
607 1565 639 1594 in
665 1564 725 1593 hac
751 1573 787 1593 ac
813 1573 909 1602 supra
935 1563 1024 1593 dicta
1047 1562 1133 1592 Plin.
1159 1562 1198 1599 X,
1229 1562 1278 1590 12.
1297 1579 1338 1581 -
1356 1560 1486 1590 miluius
1512 1560 1546 1590 in
1573 1560 1695 1590 scholio
1720 1559 1755 1589 M
1779 1559 1928 1600 (Halm),
1955 1570 2002 1590 rv.
2027 1560 2097 1591 rell.
2123 1562 2184 1591 mi-

344 1620 419 1650 laus.
446 1621 590 1650 colomba
613 1631 644 1650 v.
671 1621 737 1649 rell.
765 1620 900 1650 columb.
928 1629 960 1661 γ;
998 1618 1099 1649 miluo.
1130 1617 1256 1647 Ouidius
1295 1617 1353 1656 (M.
1379 1617 1419 1654 ΙΙ,
1448 1617 1526 1655 716)
1551 1617 1749 1655 rapidissima
1784 1617 1899 1647 miluus.
1938 1618 2031 1647 exitu
2067 1619 2183 1648 melius

344 1680 453 1706 tamen
478 1685 595 1715 genere
620 1676 777 1706 feminino
804 1677 956 1706 dicemus,
977 1675 1018 1705 C:
1045 1674 1243 1704 adulteret-ur.
1271 1677 1371 1711 coeat,
1407 1683 1463 1703 seu
1488 1674 1633 1712 patiatur
1658 1673 1797 1704 columbi
1824 1673 1937 1704 subiici
1962 1674 2072 1704 miluo.
2099 1683 2134 1715 γε
2161 1675 2182 1704 i.

345 1738 379 1763 ut
406 1735 550 1772 patiatur
577 1735 755 1764 columbam
784 1734 929 1763 subicere
955 1741 988 1762 se
1014 1732 1124 1761 miluo.

462 1792 493 1829 1)
510 1791 614 1828 stauos
638 1791 671 1819 M
698 1795 729 1820 et
753 1800 836 1819 omn.
865 1790 929 1819 fere
955 1789 1071 1827 Porph.
1098 1788 1180 1817 libri.
1200 1788 1274 1817 Asc.
1302 1787 1402 1816 habet
1426 1787 1592 1824 compend.
1618 1785 1640 1816 f.
1667 1786 1832 1815 Fabricius
1859 1785 1926 1825 (fh)
1954 1790 2062 1816 autem
2078 1786 2183 1824 stauos

345 1848 378 1876 in
405 1852 562 1877 contextu
587 1852 684 1885 atque
710 1848 742 1876 in
769 1848 918 1876 lemmate
944 1846 1071 1875 nonnisi
1100 1844 1238 1873 Credula.
1266 1844 1386 1873 Omnes
1413 1843 1480 1873 fere
1498 1844 1574 1872 Hor.
1602 1843 1693 1874 codd.
1718 1843 1979 1880 tuenturflauos‚
2007 1842 2035 1872 G
2052 1844 2183 1881 praebet

332 1903 442 1942 sulzms
480 1904 643 1942 (Lambin.
684 1914 723 1933 ex
764 1903 887 1941 Ouid),
914 1911 1023 1931 saeuos
1060 1901 1223 1940 perpauci,
1262 1905 1296 1929 ut
1333 1901 1377 1929 E:
1415 1910 1500 1929 seruos
1526 1900 1573 1929 uel
1597 1900 1702 1938 stauos
1726 1909 1798 1928 am
1827 1902 1853 1929 1.
1891 1900 2093 1937 glossatrice,
2130 1900 2179 1929 D:

334 1960 443 1997 flauos
469 1961 520 1989 uel
544 1969 629 1989 seuos
658 1962 728 1997 1m.‚
765 1968 842 1997 pure
878 1968 964 1989 senos
1001 1958 1049 1988 St.
1089 1956 1215 1987 Genou.
1254 1961 1285 1986 et
1320 1966 1434 1993 saeuos,
1473 1960 1556 1985 teste
1592 1955 1788 1995 Babinycone,
1827 1957 1916 1985 cuius
1952 1956 2182 1986 liberalitatem

344 2017 463 2055 ubique
490 2025 675 2054 semperque
700 2016 834 2045 laudare
858 2024 962 2044 meum
989 2019 1046 2052 est,
1086 2015 1118 2043 in
1144 2015 1214 2043 cod.
1243 2014 1350 2043 Oxou.
1379 2013 1459 2045 Coti.
1501 2013 1625 2051 Colleg.
1662 2013 1806 2050 Magdal.
1849 2013 1886 2042 15
1925 2022 2006 2045 saec.
2043 2013 2117 2042 XIV
2153 2017 2184 2042 et

343 2073 435 2102 Harl.
465 2073 551 2102 2734
578 2082 659 2102 saec.
686 2072 756 2109 XV,
782 2081 819 2101 ac
844 2073 982 2110 denique
1007 2080 1111 2108 rauos,
1138 2072 1235 2100 lectio
1261 2071 1293 2099 in
1322 2074 1385 2099 uet.
1404 2070 1429 2098 B
1460 2071 1566 2107 obuia,
1593 2080 1688 2108 quam
1723 2069 1820 2107 Cruq.
1856 2070 1888 2099 111
1922 2074 2075 2108 quattuor
2106 2080 2182 2100 mss.

342 2129 494 2158 Blandin.
520 2130 618 2165 uidit,
644 2132 775 2166 accepta
801 2128 952 2158 Bentleio
977 2133 1073 2166 atque
1099 2128 1138 2157 ab
1174 2128 1295 2157 Orellio
1328 2131 1466 2157 seruata.
1506 2144 1547 2147 ῌ
1582 2136 1617 2168 γε
1644 2125 1778 2156 credula.
1806 2135 1869 2155 non
1895 2135 2020 2164 semper
2052 2127 2183 2156 credula

345 2187 403 2216 sed
429 2187 461 2215 in
486 2187 546 2215 hoc
572 2186 702 2215 credula
727 2190 761 2215 ut
786 2186 933 2215 leonibus
963 2194 996 2215 sc
1033 2185 1247 2214 connnittant.
1286 2184 1329 2212 O:
1370 2184 1495 2214 credula
1522 2184 1552 2212 in
1580 2183 1639 2211 hoc
1665 2183 1733 2211 scil.
1760 2186 1795 2211 ut
1821 2192 1886 2212 non
1912 2183 2046 2212 timeant
2072 2184 2182 2214 leones

343 2243 400 2272 sed
425 2253 459 2272 se
485 2243 551 2272 illis
578 2243 792 2271 committant.
857 2242 890 2280 3)
918 2245 950 2270 et
969 2240 1148 2279 ReG(‹“2),r.
1175 2251 1235 2270 om.
1261 2240 1396 2278 M‚vafh.
1462 2240 1497 2277 4)
1525 2243 1551 2268 et
1573 2238 1652 2278 quod
1675 2239 1749 2273 M‚a.
1782 2243 1814 2268 et
1845 2248 1901 2277 quo
1933 2238 2050 2276 RG,rv.
2086 2244 2118 2270 et
2145 2244 2182 2270 ut

343 2300 421 2335 th.
449 2317 490 2320 m
522 2298 664 2337 alioquin
696 2308 778 2327 omn.
817 2299 901 2327 libri.
940 2298 1061 2335 alioqui
1088 2295 1205 2335 (G‘?>Q.
1231 2307 1267 2339 γε
1305 2297 1377 2326 leuis
1412 2305 1553 2335 aequora.
1586 2296 1654 2324 sine
1685 2296 1759 2333 pilis
1792 2295 1851 2334 (gl.
1886 2296 1916 2324 in
1946 2295 2083 2334 Ambr.).
2119 2306 2182 2326 non

343 2357 498 2386 hirsutus.
538 2356 624 2393 dupl.
664 2356 783 2385 diuers.
821 2358 857 2384 ut
895 2355 976 2384 leuis
1016 2355 1071 2383 fiat
1109 2355 1162 2392 qui
1200 2358 1311 2383 setosus
1346 2358 1395 2382 est
1431 2357 1462 2382 et
1500 2354 1533 2382 111
1569 2353 1650 2381 mari
1688 2353 1795 2381 hircus
1836 2356 1986 2382 moretur.
2023 2351 2064 2382 C:
2108 2353 2182 2382 leuis

342 2412 457 2442 hircus.
495 2413 564 2441 sine
599 2412 677 2442 setis.
715 2421 778 2440 non
816 2412 973 2448 hirsutus,
1011 2420 1073 2439 non
1111 2414 1247 2439 setosus.
1311 2411 1345 2449 G)
1378 2409 1542 2439 asclndere
1574 2409 1609 2437 R.
1677 2409 1710 2447 7)
1730 2412 1857 2446 propter
1886 2409 2099 2440 execratione.
2136 2409 2181 2447 (Q

342 2470 393 2499 bis
419 2470 546 2498 notauit
573 2478 702 2505 exsecr.‚
740 2469 846 2497 Halm.
884 2472 933 2497 ter
958 2468 1084 2505 «ιι-001)
1107 2471 1234 2505 propter
1259 2467 1337 2496 haec
1363 2465 1565 2495 eaeecracz'ones
1590 2466 1611 2494 i.
1639 2466 1698 2494 iur.
1725 2464 1760 2494 R.
1784 2468 1909 2503 propter
1933 2464 2006 2494 haec
2037 2469 2178 2495 execrata

344 2527 373 2555 2.
399 2526 488 2555 Haec
513 2530 673 2555 execrata.
701 2525 720 2554 i.
748 2525 955 2554 execratione
981 2525 1000 2553 i.
1028 2525 1088 2553 iur.
1116 2523 1221 2553 rvafh.
1249 2524 1339 2552 ‘haec
1365 2526 1534 2559 execrata;
1567 2525 1729 2560 praeterea
1758 2521 1831 2551 haec
1862 2525 2021 2550 execrata:
2049 2531 2181 2552 execra-

343 2583 432 2612 tione
457 2583 477 2611 i.
506 2593 532 2612 e.
560 2583 629 2611 iure
654 2582 787 2611 iurando
814 2581 1019 2618 interposito'
1048 2580 1086 2615 Q,
1113 2581 1290 2609 adnotans:
1317 2581 1460 2617 ‘propter
1485 2579 1562 2608 haec
1589 2587 1694 2607 execr-
1721 2578 1789 2607 cod.
1810 2577 1881 2607 0111.
1907 2578 1976 2607 rell.
2004 2582 2035 2608 et
2059 2579 2180 2608 habent

344 2640 363 2668 i.
398 2640 436 2669 e.’
470 2639 631 2677 Equidem
663 2639 797 2676 scripsi:
829 2642 956 2675 propter
987 2637 1066 2666 hanc
1104 2636 1337 2666 emesam-ationem
1362 2646 1395 2677 γε
1421 2635 1535 2665 redicas
1567 2635 1676 2664 dulces.
1709 2634 1788 2664 haec
1814 2644 1875 2672 pro
1906 2633 1962 2664 hac
1993 2635 2181 2665 execratione

343 2696 363 2726 i.
391 2696 595 2725 iureiurando
619 2695 770 2733 inposito.
799 2698 831 2723 et
858 2699 907 2723 est
933 2695 1035 2732 figura
1068 2693 1169 2731 (conf.
1206 2692 1248 2721 C:
1283 2702 1383 2721 ecmzus
1414 2692 1516 2721 onmis.
1550 2692 1702 2730 syllepsis
1736 2692 1769 2721 in
1801 2700 1932 2721 numero
1964 2695 1996 2720 et
2029 2692 2180 2730 epexegis

342 2752 418 2781 uide
443 2751 511 2795 Βφ)
526 2761 585 2790 per
608 2760 746 2780 numeros
772 2751 890 2780 ciuitas
917 2760 1036 2779 eamus.
1062 2750 1161 2779 dulces
1186 2753 1294 2779 autem
1319 2750 1372 2787 qui
1399 2750 1472 2777 aliis
1508 2749 1618 2778 dulces
1653 2749 1756 2777 solent
1791 2757 1870 2778 esse.
1907 2757 1969 2778 non
2002 2748 2095 2778 nobis
2126 2748 2180 2786 qui

344 2817 407 2838 non
433 2817 541 2837 sumus
566 2808 755 2846 regressuri.
784 2808 892 2844 glossa
909 2817 944 2848 γε
972 2806 1081 2838 dulces.
1109 2807 1182 2835 aliis
1201 2806 1320 2835 dulces.
1339 2815 1400 2835 non
1418 2806 1522 2835 nobis.
1541 2805 1609 2848 Βφε
1637 2805 1753 2834 emicas.
1780 2804 1963 2842 efexegesis
1980 2808 2011 2834 et
2029 2805 2180 2843 sylemsis

344 2863 412 2900 (sil.
440 2864 478 2907 φ)
504 2868 540 2893 ut
567 2864 695 2902 (Verg.)
717 2873 795 2901 pars
818 2863 850 2892 in
863 2862 972 2902 ,βψω-τα
998 2863 1135 2901 (frustra
1159 2863 1197 2905 φ)
1224 2867 1334 2892 secant.
1405 2863 1458 2901 10)
1485 2863 1651 2891 abhorrent
1673 2862 1746 2891 MR.
1788 2879 1830 2883 ——
1871 2860 2011 2899 alioquin
2036 2864 2068 2890 et
2099 2861 2130 2890 h.
2156 2861 2178 2890 1.

343 2920 377 2948 Μ
403 2924 461 2949 etc.
495 2921 562 2963 Be:
600 2930 710 2950 eamus.
744 2921 763 2948 i.
799 2924 853 2948 aut
886 2930 992 2949 omnes
1025 2929 1133 2949 eamus
1166 2919 1361 2957 generaliter
1398 2923 1453 2948 aut
1491 2920 1587 2948 etiam
1625 2928 1697 2956 pars
1733 2921 1878 2947 nostrum
1910 2918 2022 2947 melior
2051 2916 2178 2954 uulgari

344 2977 459 3014 populo
486 2977 538 3014 qui
566 2978 592 3005 si
628 2977 698 3006 uult
730 2986 894 3005 remancre
925 2981 1099 3005 remaneat.
1133 2977 1263 3006 Ambr.:
1301 2975 1408 3005 melior
1434 2985 1535 3015 φημὶ.
1566 2976 1667 3004 maior
1698 2975 1813 3012 populo
1846 2983 1923 3003 esse.
1991 2973 2046 3012 11)
2073 2982 2180 3012 eoepers

343 3031 469 3070 MG‚rv.
498 3033 580 3069 sing.
608 3033 672 3061 litt.
702 3034 732 3061 in
759 3033 910 3062 lemmate
936 3042 963 3061 a.
992 3033 1058 3062 Aut
1100 3051 1139 3054 —
1181 3042 1277 3071 grege
1304 3032 1350 3061 fh.
1377 3031 1458 3061 conf.
1484 3032 1556 3061 Aer.
1591 3041 1697 3070 ecrpers
1730 3041 1771 3060 ex
1805 3032 1874 3068 ipso
1905 3030 2029 3059 scholio
2061 3030 2177 3068 Porph.

344 3093 459 3118 ortum.
498 3106 539 3109 ---
577 3098 631 3125 per
669 3094 790 3126 premat
827 3089 859 3117 M
896 3094 980 3118 teste
1019 3090 1045 3124 Q
1079 3089 1270 3127 (perprimat
1296 3087 1418 3119 Halm.)
1445 3092 1625 3126 perpremat.
1651 3087 1681 3116 K
1709 3087 1870 3125 (Malloia)
1904 3086 1952 3116 St.
1981 3085 2104 3115 Genou.
2138 3085 2176 3114 O.

344 3144 518 3183 perprimat
538 3144 687 3173 cunabula
703 3146 754 3174 1101
785 3146 903 3175 cubilia
932 3147 961 3174 b.
997 3146 1097 3175 calcet
1122 3146 1165 3183 gl.
1192 3145 1302 3174 Ambr.
1357 3144 1410 3183 12)
1438 3148 1490 3174 aut
1512 3144 1578 3174 afh.
1632 3144 1685 3182 13)
1713 3153 1748 3172 ac
1782 3144 1849 3173 sine
1881 3141 2067 3181 MR(G‘?Q).
2102 3142 2176 3171 edd.

343 3205 369 3230 et
394 3202 474 3230 sine.
527 3200 581 3238 15)
610 3209 647 3230 επ
665 3200 744 3239 (sic)
762 3210 892 3243 χεριονα
917 3211 987 3231 Vim
1006 3206 1065 3231 etc.
1084 3201 1118 3230 M
1134 3201 1240 3231 Halm.
1260 3200 1304 3239 (Q
1324 3211 1383 3231 0111.
1410 3209 1458 3238 επ,
1484 3201 1566 3239 quod
1592 3200 1793 3230 simillimum
1819 3204 1867 3229 est
1895 3199 2040 3239 syllabae
2065 3198 2115 3236 cit,
2141 3202 2178 3228 ut

344 3257 372 3292 Q
400 3258 481 3287 eruit
508 3267 547 3286 ex
576 3255 621 3286 G:
647 3257 686 3287 cic
712 3256 837 3300 χερίονα
855 3259 936 3289 «aaa.
961 3256 1089 3301 χερίονα
1114 3259 1185 3288 *at-Ari
1210 3259 1239 3287 2.
1265 3254 1429 3300 χερείονα
1454 3258 1526 3287 vm&
1550 3257 1589 3286 A.
1618 3260 1699 3295 spat.
1727 3266 1795 3286 uae.
1829 3257 1861 3285 111
1887 3256 1924 3286 R.
1956 3265 2082 3300 χερωνα
2106 3264 2176 3285 νικα
