2283 3535
268 981 306 1012 10

268 1348 308 1379 15

330 173 410 212 522
968 181 1074 213 ACR.
1099 181 1159 212 ET
1184 180 1351 213 PORPH.
1377 179 1525 226 comi.

445 307 462 316 ν

443 318 479 347 o.
510 305 640 359 refixa
673 306 770 346 cael.
802 306 838 346 cl.
869 320 899 346 s.
958 304 1020 347 Ut
1050 303 1124 360 (A.
1145 303 1222 354 IV,
1254 305 1380 358 489):
1415 305 1561 345 Sistere
1592 318 1739 360 aquam
1767 304 1904 359 fluuz'z's
1935 313 1970 345 et
1999 310 2157 345 uertere

329 379 467 420 sidera
499 387 619 419 retro.

442 453 479 493 8.
511 453 636 493 mouit
664 460 842 508 nepotem
877 451 1072 506 Telephus
1102 451 1302 492 Neretum.
1369 449 1583 504 Telephus
1621 464 1695 490 rex
1725 448 1960 504 Mysorum,
2006 448 2159 504 quibus

329 524 466 579 (huic)
500 523 657 566 Graeci
687 524 742 565 ad
771 524 944 565 Troiam
976 529 1133 573 euntes,
1180 531 1373 577 putantes
1418 538 1514 564 eum
1553 523 1751 565 Troianis
1797 523 1957 572 adesse,
2002 521 2159 564 bellum

329 597 571 641 intulerunt.
645 597 860 652 Telephus
890 596 1038 638 restitit
1071 603 1110 637 et
1141 596 1347 652 singulari
1379 596 1604 637 certamine
1636 611 1730 637 cum
1760 595 1930 638 Achille
1961 595 2159 645 conflixit,

331 687 356 712 a
387 686 468 726 quo
500 678 540 712 et
569 671 811 712 uulneratus
842 678 915 711 est.
977 669 1077 719 Hic,
1125 685 1219 710 cum
1251 676 1409 724 postea,
1456 684 1596 711 errore
1629 669 1812 725 cognito,
1857 670 1902 710 in
1932 668 2161 710 amicitiam

331 745 536 794 rediisset,
569 743 622 784 ab
653 742 823 784 Achille
854 742 996 784 herbis
1028 750 1195 784 curatus
1226 750 1299 792 est,
1333 758 1509 797 quarum
1531 743 1750 784 scientiam
1771 742 1955 784 habebat
1976 741 2162 784 Chirone

332 817 518 859 docente.
581 815 709 868 Quod
740 816 980 871 exemplum
1010 815 1105 857 ideo
1136 816 1255 871 ponit
1285 816 1502 866 Horatius,
1533 824 1590 866 ut,
1623 817 1729 857 sicut
1744 815 1936 858 Achilles
1957 815 2161 870 Telepho,

331 891 390 932 ita
421 891 460 932 ei
493 888 676 931 Canidia
706 889 911 945 ignoscat.

447 966 510 1004 12.
543 964 781 1005 homicidam
816 964 1037 1004 Hectorem.
1104 962 1190 1004 Pro
1221 962 1312 1004 uiro
1343 962 1441 1003 forti
1472 962 1623 1017 posuit.

446 1038 512 1078 13.
536 1053 578 1093 p.
611 1052 645 1078 r.
677 1052 725 1077 m.
757 1051 832 1078 rex
856 1037 1042 1092 procidit.
1102 1035 1244 1077 Etiam
1276 1035 1462 1085 Priamo,
1495 1035 1644 1090 inquit,
1676 1035 1842 1091 roganti
1873 1049 1950 1090 pro
1973 1033 2162 1076 Hectore

331 1110 524 1152 Achilles
554 1110 690 1151 uictor
720 1109 898 1164 ignouit.

448 1185 511 1225 19.
545 1184 635 1224 decli
664 1185 760 1225 salis
790 1197 877 1239 sup.
901 1197 1022 1238 paen.
1055 1183 1132 1224 tibi.
1200 1181 1261 1224 Ut
1296 1180 1369 1238 (A.
1403 1181 1479 1232 VI,
1517 1183 1639 1237 853):
1691 1183 1860 1224 Parcere
1903 1183 2086 1224 subiectis
2130 1191 2166 1224 et

335 1258 533 1299 debellare
565 1257 770 1312 superbos.

449 1331 514 1371 22.
548 1330 696 1371 lurida.
758 1328 939 1379 Tabida,
972 1329 1109 1385 nigra.

447 1405 512 1444 24.
543 1404 704 1445 nullum
735 1419 770 1444 a.
803 1404 828 1444 l.
860 1418 910 1443 m.
943 1418 979 1444 r.
1008 1418 1040 1444 0.
1100 1401 1275 1443 Nullum
1305 1408 1470 1457 tempus
1502 1402 1582 1444 sibi
1613 1402 1819 1458 praestari
1861 1402 2046 1444 carmine
2077 1402 2166 1444 eius

334 1476 388 1517 ad
418 1475 608 1531 requiem
639 1475 831 1517 ostendit.

448 1551 513 1592 28.
546 1551 769 1605 increpare.
828 1547 1101 1603 Dirumpere,
1133 1548 1221 1590 siue
1253 1548 1442 1589 incitare.

449 1624 513 1664 29.
545 1632 699 1680 capulq.
732 1624 871 1665 Marsa
903 1623 1028 1664 (lz'sse'l.
1059 1624 1192 1664 nenia.
1252 1622 1314 1664 Ut
1343 1630 1557 1677 tamquam
1590 1621 1672 1679 [in]
1705 1629 1915 1664 mortuum
1945 1629 2081 1664 canat.

451 1768 484 1807 1)
509 1768 627 1797 Defixa
651 1768 736 1804 cafh,
771 1772 805 1797 ut
830 1767 878 1797 bR
901 1767 992 1797 Harl.
1018 1767 1114 1796 Fran.
1141 1767 1239 1796 Bern.
1266 1766 1304 1795 A.
1338 1766 1426 1796 Parr.
1454 1766 1594 1809 EszDI.
1626 1768 1696 1796 rell.
1729 1768 1842 1804 refixa,
1879 1772 1914 1797 ut
1946 1777 1964 1810 γ
1993 1767 2103 1798 Ambr.
2136 1768 2168 1798 K

334 1826 465 1863 aliique.
491 1825 659 1855 Nannius:
685 1825 814 1863 antiqui
838 1825 945 1863 refixa.
972 1824 1078 1854 Schol.
1106 1834 1166 1853 om.
1196 1824 1253 1861 2,r.
1279 1833 1311 1865 γε
1338 1824 1446 1862 resina.
1475 1824 1585 1853 euulsa
1612 1823 1671 1861 (z
1690 1824 1818 1863 Ambr.)
1850 1828 1886 1854 ut
1913 1825 1968 1863 (A.
1993 1824 2033 1862 V,
2065 1823 2166 1864 360):

333 1881 443 1911 danais
468 1881 504 1910 de
524 1886 607 1920 poste
630 1882 763 1920 refioezcm.
791 1881 872 1911 conf.
901 1880 926 1910 C
953 1882 1006 1918 qui
1033 1881 1215 1919 praemittit
1241 1880 1365 1909 scholio
1390 1879 1536 1910 detracta.
1599 1881 1633 1918 3)
1659 1890 1677 1923 γ
1701 1882 1741 1910 ad
1769 1891 1798 1911 u.
1832 1883 1868 1911 9:
1904 1881 1984 1911 solae
2013 1882 2167 1912 turbinem.

334 1938 478 1968 turbinem
518 1943 623 1968 autem
664 1938 815 1976 (carmen
855 1938 1086 1977 Rhythmicum
1126 1937 1173 1976 C)
1215 1938 1358 1967 rithmon
1401 1933 1580 1980 (ῥυθμὸν).
1627 1938 1725 1967 Turbo
1764 1939 1886 1976 species
1929 1943 1978 1968 est
2016 1939 2168 1969 maleficii

337 1996 397 2034 (z
421 1996 552 2033 Ambr.)
578 1997 667 2025 cuius
704 1996 869 2033 uertigine
905 1996 1042 2034 quadam
1078 2000 1146 2024 arte
1176 1994 1247 2032 (per
1283 1998 1384 2023 artem
1421 1995 1579 2032 magicam
1615 1994 1655 2033 C)
1693 1995 1839 2024 homines
1875 1995 1916 2024 ad
1952 2004 2092 2025 amorem
2117 2005 2168 2025 eo-

335 2057 466 2091 guntur.
493 2062 585 2092 quem
611 2054 699 2091 greci
724 2054 836 2082 dicunt
861 2053 996 2082 rhobum
1026 2052 1062 2090 (l.
1091 2049 1209 2094 ῥόμβον
1235 2053 1255 2080 i.
1282 2061 1307 2080 e.
1333 2051 1459 2081 rhombi
1484 2052 1613 2091 rotam).
1647 2052 1733 2089 quod
1759 2060 1852 2090 grece
1884 2052 1966 2081 iunx
1993 2047 2092 2094 (ίύγξ)
2119 2052 2169 2082 di-

336 2111 429 2140 citur.
468 2128 511 2131 —
553 2110 705 2147 leeleph.
731 2119 778 2138 rv.
804 2109 970 2138 misiorum
995 2109 1060 2145 R‚r.
1086 2109 1157 2138 rell.
1184 2117 1354 2147 mysorum.
1386 2112 1556 2146 utrumque
1583 2107 1760 2137 dicebatur.
1825 2109 1860 2146 4)
1886 2108 1932 2138 his
1969 2107 2084 2138 Graeci
2122 2117 2167 2138 ca.

334 2167 436 2206 quibas
461 2176 509 2205 gr.
538 2167 567 2195 2.
594 2167 663 2196 rell.
690 2167 766 2195 huic
792 2165 845 2195 Gr.
896 2166 930 2204 5)
956 2165 1077 2195 resistit
1094 2165 1130 2194 R.
1157 2165 1228 2194 rell.
1255 2165 1381 2194 restitit.
1443 2165 1477 2203 6)
1506 2164 1567 2194 Sed
1591 2174 1660 2194 cum
1693 2164 1777 2194 cafh.
1807 2166 1876 2194 rell.
1917 2165 1976 2195 Hic
2008 2175 2081 2195 cum.
2132 2164 2166 2204 7)

334 2225 498 2254 rediissent
519 2234 589 2254 vca.
615 2223 725 2253 residet
746 2233 770 2252 r.
797 2223 866 2252 rell.
892 2223 1045 2252 rediisset.
1095 2239 1135 2243 —
1184 2222 1320 2251 scientia
1344 2222 1379 2251 R.
1444 2220 1479 2259 8)
1510 2221 1642 2251 Oratius
1667 2232 1691 2250 r.
1725 2222 1800 2252 sicut
1832 2232 1892 2252 om.
1927 2222 1986 2252 Re.
2053 2221 2088 2261 9)
2113 2220 2171 2251 sibi

333 2282 418 2312 cafh.
436 2282 505 2311 rell.
524 2281 559 2310 ei.
610 2282 666 2320 10)
692 2280 785 2310 Hect.
813 2290 873 2310 om.
901 2279 984 2309 cafh.
1035 2279 1090 2317 11)
1116 2288 1172 2317 pro
1197 2279 1325 2308 hercule
1352 2279 1380 2307 2.
1448 2278 1503 2316 13)
1523 2278 1593 2315 R,r:
1613 2288 1697 2316 parc.
1718 2279 1799 2308 subi.
1818 2283 1845 2308 ec
1860 2278 2010 2309 debellare
2027 2277 2170 2318 superbos

334 2339 404 2369 rell.
433 2349 493 2369 om.
520 2342 561 2368 et.
589 2339 661 2367 deb.
701 2347 770 2375 sup.
809 2336 890 2366 conf.
918 2336 1024 2366 Carm.
1052 2345 1135 2365 saec.
1163 2337 1215 2365 52.
1242 2336 1365 2365 Nonius
1392 2336 1467 2372 370,
1498 2336 1547 2364 17.
1590 2352 1633 2356 —
1673 2335 1713 2364 ad
1740 2345 1770 2364 u.
1802 2336 1839 2365 15
1865 2335 1935 2379 Be:
1962 2335 2095 2365 Saetosa
2120 2335 2171 2373 (ut

335 2395 444 2425 Ambr.
470 2395 497 2424 E
524 2395 621 2424 Bern.
647 2394 687 2433 C)
714 2412 755 2415 —
781 2403 917 2423 exsuere
945 2393 1058 2422 Ambr.
1098 2410 1138 2414 —-—
1176 2390 1286 2430 ulixei]
1326 2391 1526 2429 Legentibus
1562 2392 1731 2429 uirgilium
1767 2395 1878 2422 notum
1915 2392 2054 2421 habetur
2089 2400 2169 2430 quae

334 2453 443 2482 ulixes
468 2461 539 2481 cum
565 2452 660 2480 sociis
686 2459 832 2480 remeans
858 2450 890 2478 in
916 2450 1057 2487 patriam
1082 2457 1151 2478 cum
1176 2448 1330 2486 nauigare
1354 2448 1449 2477 iuxta
1472 2453 1613 2478 montem
1638 2450 1693 2478 ubi
1719 2449 1852 2477 sedebat
1885 2449 1986 2478 circae
2018 2449 2055 2486 (l.
2069 2448 2168 2487 circe)

337 2510 404 2538 filia
428 2510 506 2539 solis
532 2517 612 2546 quae
638 2508 784 2536 homines
812 2507 878 2536 suis
905 2506 1181 2536 incantationibus
1208 2506 1241 2533 in
1267 2504 1352 2534 feras
1379 2506 1535 2534 mutabat..
1563 2506 1665 2535 socios
1699 2506 1803 2535 ulixis
1836 2506 1870 2534 in
1900 2505 1984 2535 feras
2017 2506 2168 2535 mutauit.

337 2567 517 2604 iterumque
537 2564 757 2595 misericordia
775 2568 860 2593 mota
878 2564 919 2592 ad
937 2563 1107 2601 pristinam
1132 2563 1266 2592 formam
1294 2572 1346 2592 eos
1371 2563 1545 2592 reuocauit.
1572 2561 1706 2591 Ulixem
1724 2572 1799 2592 uero
1819 2566 2013 2592 commutare
2030 2572 2092 2592 non
2113 2571 2170 2600 po-

334 2624 412 2653 tuit.
438 2623 489 2652 Ad
514 2632 544 2651 u.
576 2622 613 2653 17
639 2632 672 2663 γε
698 2625 782 2651 notas
807 2621 839 2650 in
864 2621 968 2650 voltus
995 2620 1047 2659 (ut
1072 2620 1162 2649 Harl.
1182 2619 1234 2662 Βφ
1251 2620 1282 2648 h.
1301 2619 1321 2648 l.
1342 2624 1373 2648 et
1398 2620 1430 2648 in
1455 2618 1592 2648 Carmm.
1619 2628 1715 2656 supra
1741 2622 1836 2657 atque
1869 2619 1902 2648 in
1927 2618 1958 2649 S.
1986 2623 2017 2648 et
2043 2618 2165 2656 Epistt.

338 2679 456 2718 insra):
484 2680 625 2718 pristina
649 2677 753 2708 forma
778 2679 798 2708 i.
824 2678 975 2707 humana.
1002 2691 1047 2705 z
1071 2676 1105 2706 C.
1132 2676 1277 2714 relapsus.
1306 2675 1444 2713 (relatus
1470 2676 1509 2715 C)
1536 2685 1683 2705 reuersus
1708 2685 1724 2716 γ
1741 2675 1852 2705 Ambr.
1879 2674 1915 2705 C.
1942 2675 1992 2704 Ad
2016 2684 2047 2704 u.
2075 2675 2115 2704 20
2132 2684 2168 2716 γε

337 2740 476 2766 armata.
503 2745 588 2765 man.
615 2736 651 2764 2:
678 2735 718 2764 al.
744 2738 855 2764 amata.
885 2734 939 2763 Ex
966 2734 1065 2763 nimia
1091 2733 1240 2763 canidiae
1266 2733 1402 2762 libidine
1439 2733 1537 2762 uilem
1575 2732 1740 2771 significat
1777 2733 1976 2762 meretricem
2007 2731 2169 2770 siquidem

338 2793 419 2823 dicit
457 2802 525 2822 eam
564 2794 597 2822 in
633 2801 739 2822 amore
765 2791 866 2821 fuisse
890 2795 1081 2820 naturarum.
1108 2789 1189 2820 conf.
1216 2788 1250 2826 C,
1283 2790 1336 2828 qui
1363 2790 1583 2828 posteriorem,
1621 2793 1746 2827 partem
1779 2790 1825 2818 sic
1857 2789 1972 2818 habet:
2011 2788 2168 2826 siquidem

338 2850 518 2878 adamatam
545 2859 563 2878 a
587 2849 757 2878 uilissimis
783 2852 815 2877 ct
841 2849 1067 2886 cuiuscumque
1094 2848 1190 2876 sortis
1216 2847 1410 2876 hominibus.
1437 2854 1469 2888 γε
1495 2845 1686 2875 institoribus.
1713 2846 1774 2875 dno
1799 2849 1873 2874 sunt
1891 2854 2007 2883 genera
2024 2845 2170 2882 negotia-

338 2909 450 2934 torum.
476 2905 624 2933 ἱππίων-83
648 2909 679 2934 ct
705 2905 904 2935 exercitores
931 2904 1174 2933 mercatoribus.
1212 2903 1342 2940 Proprie
1368 2904 1453 2931 enim
1490 2902 1638 2932 institores
1675 2905 1750 2931 sunt
1786 2903 1840 2940 qui
1878 2905 2030 2931 exercent
2067 2902 2169 2938 ipsam

339 2965 563 2991 mercaturam.
592 2978 631 2981 —«
656 2962 856 2990 meretricem
882 2964 990 2989 autem
1017 2960 1179 2996 significat
1209 2958 1318 2988 fuisse.
1349 2963 1450 2988 amala
1474 2959 1660 2988 uocatiuum
1685 2967 1792 2987 casum
1818 2958 1949 2995 quidam
1985 2957 2099 2987 uolunt
2137 2960 2169 2987 et

339 3027 410 3047 cum
436 3021 501 3046 tam
527 3017 609 3045 uiles
637 3022 794 3046 amatores
821 3018 888 3046 eius
915 3017 1003 3046 dieat
1028 3017 1154 3046 uidetur
1180 3025 1247 3044 cam
1275 3015 1406 3043 laudare
1431 3016 1457 3044 si
1484 3016 1619 3053 pulchra
1645 3016 1687 3044 sit
1714 3018 1749 3044 ut
1768 3018 1813 3044 tot
1832 3014 1982 3043 habuerit
1999 3018 2168 3044 amatores.

343 3075 397 3113 15)
423 3075 489 3105 tab.
512 3074 640 3112 pallida.
667 3075 761 3112 nigra
786 3074 822 3103 R.
849 3072 911 3115 TC:
950 3073 1060 3102 Iurida.
1088 3074 1183 3110 nigra
1213 3072 1384 3110 (subnigra
1409 3070 1461 3110 C).
1499 3071 1629 3108 pallida.
1694 3071 1748 3110 17)
1774 3071 1915 3101 ostendit
1950 3070 1990 3099 ad
2026 3071 2169 3108 requiem

338 3131 426 3169 R2,r.
494 3131 550 3170 18)
576 3130 770 3169 disrumpere
805 3131 840 3159 R.
908 3128 963 3169 19)
989 3134 1015 3159 el
1038 3133 1192 3167 tanquam
1219 3129 1248 3157 2.
1299 3145 1338 3149 ——
1387 3127 1418 3157 in
1441 3132 1535 3157 mort.
1563 3127 1609 3157 fh.
1636 3127 1705 3157 rell.
1733 3137 1793 3157 om.
1820 3127 1861 3156 in.
1888 3130 1979 3156 canat
2008 3126 2067 3156 Re.
2101 3126 2168 3156 rell.

339 3197 457 3217 canam.
483 3196 517 3229 γε
543 3187 642 3216 nenia.
669 3187 810 3216 carmina
835 3190 1032 3216 mortuorum
1058 3185 1147 3215 nenia
1173 3195 1227 3223 pro
1253 3185 1394 3222 maligno
1426 3185 1564 3214 carmine
1598 3185 1715 3223 posuit.
1742 3184 1862 3213 Marsa.
1897 3183 2055 3221 magicam
2088 3191 2168 3221 quae

2244 693 2263 897 ’Μαι-ιω...»
2252 650 2260 655 2
