2170 3460
861 150 910 182 IN
936 150 1080 183 CARM.
1108 152 1132 189 1,
1151 156 1204 183 24.
1894 145 1946 184 97

231 273 386 314 orrida.
449 270 622 322 Seuera,
654 272 856 322 districta,
888 280 933 314 ut
971 273 1080 328 I'erq.
1113 272 1187 322 (A.
1218 272 1297 323 IV,
1330 275 1455 330 242):
1498 277 1599 317 Tum
1631 279 1793 332 uirqam
1823 279 1946 333 capit:

117 346 193 387 hac
223 347 379 387 animas
410 347 474 387 ille
505 354 645 387 euocat
675 346 785 387 Orc-o
819 346 1025 394 Pallente's,
1058 347 1164 387 alias
1195 347 1265 388 suh
1301 348 1477 388 Tartara
1509 351 1640 390 tristia
1671 352 1799 392 mittit.

231 421 295 460 17.
326 419 547 460 recludere.
607 417 803 473 Aper-ire.

230 493 295 533 18.
326 492 454 546 Niqro
486 491 710 547 conpulerit
739 492 973 533 Mercurius
1001 494 1124 548 qreqe'.
1184 492 1446 534 Umbrarum
1477 494 1734 536 multitudini
1767 511 1945 552 congre-

116 564 293 621 gauerit,
325 572 367 605 ut
401 565 539 619 (Verq.
570 562 620 613 Β,
652 562 701 604 Β.
734 563 834 612 VII,
867 566 932 620 2):
971 565 1319 622 Conpuleramqne
1349 582 1501 622 Ψᾶρες.

230 638 294 679 19.
327 638 391 679 20.
426 638 585 679 Durum
616 670 625 687 ,
658 638 728 678 sed
758 639 886 679 leuius
913 638 959 694 fit
982 648 1068 694 pat.
1101 655 1134 695 q.
1167 655 1272 681 corr.
1303 648 1360 681 est
1388 641 1513 694 nefas.
1585 638 1756 681 Scilicet
1791 641 1944 697 [genus

114 710 279 768 mortis]
311 718 385 760 est,
417 710 528 765 quod
561 710 667 751 dico.
730 708 909 766 [Sensus
940 723 1022 753 est:
1070 711 1238 753 Diu-mn
1279 724 1337 754 cst
1378 713 1481 753 tanti
1519 713 1645 754 amici
1682 715 1828 756 mortis
1869 716 1943 756 do-

113 784 245 826 lorem
275 783 404 841 ferre]
437 784 510 825 sed
542 784 669 825 leuius
697 784 753 839 fit.
784 784 810 824 i.
842 784 1053 841 leuigatur
1076 788 1285 842 patientia.
1348 785 1508 828 Suadet
1540 787 1781 844 [patientia]
1820 788 1943 838 ferre,

114 858 226 913 quod
256 858 413 913 corrigi
443 873 528 898 non
558 865 706 912 potest,
738 866 781 898 ut
813 857 964 914 (Verg.
996 858 1050 898 A.
1082 858 1137 908 V,
1178 860 1298 914 710):
1340 860 1581 916 Superamla
1620 863 1744 902 omnis
1775 862 1943 915 fortuna

111 932 277 985 serendo
308 940 374 981 est,
407 939 445 972 et
477 932 656 987 (Terent.
687 930 823 972 Andr.
865 930 942 982 IV,
983 933 1020 982 6,
1063 933 1178 988 10)):
1224 942 1269 974 ut
1306 935 1475 989 quimus,
1518 936 1645 984 aiunt,
1684 936 1857 991 quando,
1902 944 1945 977 ut
1972 942 2011 973 lo

116 1005 316 1054 uolumus,
347 1020 429 1047 non
460 1006 558 1047 licet.

223 1079 350 1132 Nefas
382 1078 485 1135 [non
516 1087 577 1120 est
605 1078 767 1120 licitum
797 1078 1023 1134 corrigere.
1055 1079 1173 1120 nefas
1204 1080 1316 1121 enim
1346 1095 1424 1135 pro
1455 1080 1533 1137 ill.]
1566 1095 1643 1135 pro
1674 1080 1834 1123 inlicito
1866 1096 1942 1136 po-

115 1151 196 1193 suit
228 1152 292 1207 (id
323 1161 396 1201 est,
428 1151 723 1207 impossibile).

848 1225 1209 1268 PORPHYRION.

228 1299 328 1349 Quis
359 1299 539 1340 desidero
570 1300 622 1339 sit
647 1300 783 1354 pudor
805 1308 877 1340 aut
898 1299 1050 1340 modus.
1110 1297 1234 1339 Haec
1255 1298 1333 1339 ode
1356 1298 1507 1353 θρῆνον
1531 1299 1714 1341 continet
1736 1300 1779 1340 in
1803 1299 1942 1352 Quin-

111 1372 260 1422 tilium,
293 1371 479 1413 sodalem
520 1373 688 1427 l'erqilii.
727 1371 885 1414 Sensus
918 1382 1056 1413 autem
1087 1380 1167 1412 est:
1215 1371 1286 1411 Da
1322 1371 1425 1412 mihi
1465 1380 1693 1427 praecepta
1731 1373 1943 1423 carminis,

111 1462 134 1487 0
166 1445 305 1495 Musa,
337 1452 381 1485 ut
412 1445 642 1495 ostendam,
675 1445 769 1500 quis
798 1445 948 1486 modus
979 1444 1177 1486 desiderii
1209 1459 1298 1486 esse
1330 1444 1481 1486 debeat
1512 1446 1719 1487 carissimi
1750 1446 1887 1487 amici.

223 1520 260 1561 5.
287 1528 507 1575 perpetuus
537 1533 667 1575 sopor.
726 1518 958 1574 Eleganter
988 1525 1025 1558 et
1057 1518 1220 1573 poetice
1254 1517 1486 1575 [soporem]
1520 1534 1597 1573 pro
1618 1528 1751 1561 morte
1773 1520 1887 1561 dicit.

224 1594 261 1632 7.
292 1593 480 1648 nudaque
517 1593 684 1634 Veritas.
744 1591 911 1633 Bonum
944 1591 1129 1631 ἐπίθετον
1161 1591 1363 1633 ueritatis.
1414 1592 1537 1633 Nuda
1568 1593 1676 1643 ideo,
1709 1593 1809 1648 quia
1839 1593 1945 1634 nihil

109 1665 288 1708 occultet
317 1680 366 1707 ac
397 1666 513 1707 celet.

225 1794 257 1832 1)
282 1794 375 1823 distr.
402 1803 462 1823 om.
489 1793 525 1823 C.
586 1793 621 1831 3)
649 1793 691 1831 gl.
718 1802 778 1822 om.
816 1791 903 1829 lG,r.
936 1801 997 1821 non
1029 1790 1128 1830 lenis]
1164 1801 1227 1821 non
1261 1792 1415 1821 flexibilis
1447 1793 1497 1834 Tb,
1530 1794 1583 1831 qui
1616 1793 1725 1823 addit:
1763 1794 1944 1832 placabilis.

109 1850 177 1892 Βῳι
215 1850 394 1888 placabilis.
432 1859 496 1880 non
521 1850 627 1879 facilis
653 1850 694 1879 ad
719 1849 876 1878 mutanda
901 1848 980 1878 fata.
1022 1848 1057 1887 4)
1085 1849 1288 1886 congregauz'c
1312 1848 1432 1878 mvath.
1459 1849 1722 1890 utA·{R‚1-mva,
1759 1851 1829 1880 rell.
1862 1850 1944 1889 γίνῃ,

112 1905 247 1945 Corydon
277 1923 315 1926 —
350 1916 440 1935 unum
472 1916 533 1936 om.
560 1906 647 1947 A·[.r.
697 1906 732 1943 6)
765 1906 860 1934 schol.
893 1915 954 1934 om.
988 1904 1127 1946 A·;bR,r.
1177 1904 1326 1934 Glossae:
1368 1906 1493 1935 scilieet
1535 1906 1687 1944 (subaudi
1713 1906 1743 1944 r)
1779 1911 1829 1935 est
1861 1907 1947 1944 quod

109 1963 180 1993 dico
203 1962 270 2003 ·,‘‚R.
312 1963 419 1992 subest
445 1963 527 2000 quod
553 1962 624 1991 dico
660 1972 682 1991 r.
710 1972 735 1992 s.
768 1971 867 1999 genus
903 1962 1016 1990 mortis
1052 1960 1137 2003 bBe.
1179 1959 1288 1999 lem‘us]
1329 1962 1413 1999 quod
1449 1962 1519 1991 dico
1557 1963 1587 1991 l».
1613 1961 1670 2001 fit]
1711 1963 1872 2000 lenigatur
1906 1963 1947 2003 1)·,1

111 2019 147 2057 (i.
185 2018 310 2057 leuig.).
347 2019 389 2055 A,
426 2020 481 2057 qui
517 2019 567 2048 his
604 2008 648 2056 gs.
686 2022 781 2055 caret,
818 2018 934 2047 habet:
973 2016 1091 2046 Suadet
1127 2016 1204 2046 ferri
1242 2027 1271 2055 q.
1296 2028 1322 2046 c.
1349 2027 1380 2047 n.
1408 2028 1438 2055 p.
1465 2021 1504 2047 uc.
1539 2019 1716 2056 superanda
1741 2029 1769 2048 o.
1796 2018 1819 2047 f.
1848 2028 1870 2047 s.
1898 2024 1946 2048 est-

108 2079 136 2104 et
168 2080 206 2105 ut
240 2076 295 2113 qui
330 2084 413 2104 musa
449 2076 539 2104 aiunt
565 2092 606 2095 —
632 2075 718 2105 licet.
775 2073 887 2113 Nefas]
928 2083 984 2111 pro
1007 2073 1127 2102 inlicito
1152 2074 1268 2111 posuit.
1302 2072 1475 2104 Rleva:
1509 2075 1562 2103 sed
1584 2074 1678 2103 leuius
1690 2074 1740 2113 fit.
1766 2075 1943 2113 leuigatur.

109 2131 229 2161 Suadet
254 2132 413 2169 patientia
437 2132 540 2160 leuius
554 2130 645 2170 ferri
675 2130 761 2167 (fieri
783 2130 839 2169 va)
873 2139 901 2167 q.
929 2140 954 2158 c.
981 2139 1012 2158 n.
1045 2134 1151 2167 potest
1182 2128 1355 2168 (leuigetur
1386 2130 1437 2169 R).
1479 2130 1521 2160 C:
1559 2130 1652 2160 leuius
1671 2129 1728 2170 fit]
1767 2131 1941 2169 leuigatur.

112 2187 231 2217 Suadet
256 2188 417 2225 patientia
441 2187 609 2226 serendum
645 2197 675 2225 q.
701 2197 727 2216 c.
755 2196 786 2216 n.
824 2195 852 2223 p.
880 2204 921 2206 ——
946 2186 1066 2223 posuit.
1103 2195 1136 2214 r:
1174 2186 1336 2225 lenigatur
1371 2191 1438 2225 pat.
1475 2187 1564 2217 suad.
1591 2187 1784 2225 leuiusfieri.
1823 2187 1945 2225 Scripsi

108 2245 199 2274 ferre.
235 2244 352 2273 Totum
377 2245 474 2273 schol.
502 2253 602 2281 nuper
627 2242 764 2278 Quidam
800 2248 919 2272 temere
952 2242 1164 2280 Porphyrioni
1200 2243 1398 2281 adsignauit.
1452 2244 1503 2273 Sic:
1539 2249 1573 2273 ut
1611 2244 1736 2281 quimus
1772 2245 1862 2272 aiunt
1897 2243 1944 2273 fh.

107 2302 152 2332 sic
176 2312 236 2332 om.
264 2300 376 2330 Cmva.
411 2306 441 2330 et
466 2306 501 2330 ut
527 2301 651 2338 quimus
676 2299 790 2342 -sRG‚r.
816 2298 931 2339 aqimus
954 2308 981 2340 γ.
1015 2303 1047 2328 et
1072 2304 1107 2328 ut
1144 2300 1197 2337 qui
1234 2299 1332 2329 minus
1368 2300 1457 2329 aiunt
1497 2301 1523 2328 l.
1561 2299 1681 2329 Suadet
1714 2317 1752 2322 —-
1784 2301 1858 2330 licet
1882 2310 1943 2330 om.

109 2359 141 2388 b.
190 2358 247 2396 12)
273 2358 343 2386 Non
367 2375 410 2378 —
435 2358 595 2394 corrigere
620 2366 680 2386 om.
706 2355 850 2397 A-[1JR,r.
892 2355 990 2385 Nefas
1015 2355 1091 2384 enim
1116 2366 1172 2393 pro
1199 2357 1254 2385 inl.
1282 2357 1317 2385 P..
1350 2357 1420 2386 rell.
1448 2367 1509 2386 om.
1535 2358 1632 2386 enim.
1670 2363 1797 2395 praeter
1821 2356 1943 2387 mvafh.

113 2415 214 2445 Nefas
241 2415 442 2453 impossibile
466 2415 497 2443 b.
526 2415 644 2452 inposs.
670 2413 733 2456 B'f«.

221 2470 379 2501 PORPH.
431 2469 500 2499 Ode
530 2470 620 2499 XXV
657 2471 696 2499 ad
728 2470 798 2499 Vir.
831 2470 871 2499 de
903 2474 1005 2499 morte
1039 2471 1182 2509 quintilii
1214 2470 1250 2500 P..
1304 2472 1359 2509 15)
1392 2471 1481 2500 Haec
1507 2472 1565 2501 ode
1591 2467 1708 2514 θρηνον
1734 2478 1818 2501 cont.
1843 2470 1939 2500 MeG.

108 2529 134 2557 R
159 2529 231 2557 uoci
256 2537 305 2565 gr.
330 2527 479 2556 lacunam
503 2527 560 2556 rel.
586 2526 675 2556 Haec
701 2536 728 2556 0.
754 2524 892 2567 τρόπους
916 2532 998 2557 cont.
1024 2528 1099 2557 Asc.
1142 2528 1213 2557 Hac
1239 2528 1298 2557 ode
1323 2537 1442 2568 τροπος
1466 2532 1549 2557 cont.
1575 2538 1625 2556 φτ.
1667 2528 1745 2557 haec
1770 2537 1796 2556 0.
1824 2523 1941 2569 θρῆνος

109 2590 192 2615 cont.
217 2584 264 2614 fh.
305 2583 393 2612 Haec
418 2593 446 2612 o.
472 2578 588 2625 θρῆνος
613 2587 663 2612 est.
705 2582 901 2612 Consolatur
925 2589 1032 2613 autem
1052 2584 1160 2622 (Aer.)
1181 2583 1217 2614 C.
1259 2584 1346 2613 Haec
1372 2594 1400 2613 o.
1427 2588 1534 2613 trenou
1559 2589 1644 2613 cont.
1673 2585 1705 2612 in
1732 2584 1863 2622 quintil.
1892 2594 1943 2613 so-

109 2642 215 2671 dalem
243 2640 368 2678 uirgilii
400 2643 493 2668 morte
523 2643 687 2678 exemplum
717 2644 747 2668 et
783 2644 828 2668 est
864 2649 976 2670 sensus
1009 2639 1218 2670 huiuscemodi.
1267 2641 1397 2679 Precipe
1436 2641 1498 2669 dic.
1538 2645 1708 2679 praccepta
1742 2641 1893 2669 carminis
1920 2641 1941 2669 i.

107 2697 272 2728 scientiam.
309 2706 327 2726 o
361 2706 452 2725 musa
482 2700 517 2725 ut
551 2696 655 2725 amici.
693 2695 756 2738 Βφ.
810 2697 864 2735 16)
898 2697 966 2726 sod.
992 2697 1089 2735 Verg.
1116 2696 1192 2726 MG.
1227 2697 1295 2726 sod.
1320 2698 1404 2735 uirg.
1433 2697 1544 2739 213330.
1580 2697 1646 2726 sod.
1679 2696 1804 2725 Horatii
1834 2696 1939 2725 rvafh.

111 2754 242 2784 Falsum
275 2757 323 2782 est
358 2753 441 2791 quod
473 2751 612 2787 Quidam
643 2761 747 2790 nuper
778 2753 879 2782 uoluit
912 2753 1034 2782 Horatii
1065 2757 1091 2781 et
1129 2753 1269 2792 I'eryilz'i,
1312 2753 1514 2783 confundens:
1539 2753 1623 2781 hunc
1648 2752 1845 2788 Quintilium
1871 2763 1941 2782 cum

113 2809 274 2844 Quintilio
297 2808 381 2837 Varo
413 2812 507 2845 poeta
541 2806 750 2837 Cremonensi
783 2808 855 2837 Art.
882 2818 932 2846 po.
959 2810 1041 2845 438,
1083 2810 1137 2847 qni
1164 2810 1203 2838 ab
1229 2809 1426 2847 Hieronymo
1453 2810 1484 2838 in
1511 2809 1644 2838 Eusebii
1670 2808 1788 2838 Chron.
1816 2809 1846 2839 I.
1878 2810 1938 2839 155

115 2864 241 2905 P'eryilz'z'
260 2869 288 2894 et
309 2863 434 2894 Horatii
444 2863 618 2902 familiam's
645 2868 863 2902 nuncupatur,
890 2866 929 2894 ab
946 2865 1073 2894 Acrone
1093 2870 1122 2900 et
1148 2865 1265 2903 Pol-ph.
1292 2866 1333 2894 ad
1350 2866 1380 2893 h.
1401 2866 1420 2894 l.
1439 2865 1552 2894 amicus
1575 2865 1706 2903 I'eryz'lz'z'.
1759 2866 1814 2904 17)
1842 2866 1940 2895 Prae-

109 2920 189 2960 cipe]
216 2920 250 2950 id
271 2925 313 2950 est
335 2921 375 2949 da
400 2920 481 2949 mihi
506 2919 557 2956 fh,
583 2920 652 2949 rell.
679 2930 760 2957 om.,
787 2925 872 2950 recte
897 2931 969 2950 cum
993 2930 1095 2950 sensus
1120 2926 1217 2950 autem
1241 2926 1282 2950 est
1299 2922 1480 2959 praecedat.
1506 2926 1600 2951 oante
1624 2931 1709 2950 musa
1735 2922 1826 2951 codd.
1854 2926 1938 2951 recte

108 2981 245 3016 ponunt.
272 2986 332 3006 om.
357 2976 465 3006 rvafh.
507 2976 662 3005 desiderii
683 2976 870 3019 MB2B30G,
908 2978 977 3006 rell.
1003 2978 1171 3007 desiderio.
1225 2978 1279 3015 18)
1308 2987 1453 3015 soporem
1479 2987 1540 3009 om.
1567 2978 1629 3007 Ab.
1671 2977 1775 3006 Posuit
1801 2977 1936 3007 Crvafh.

107 3034 175 3063 rell.
201 3033 281 3063 dicit.
308 3034 472 3072 eleganter
503 3033 737 3071 metaphoricos
768 3038 959 3072 perpetuum
992 3043 1137 3072 soporem
1162 3043 1219 3071 pro
1244 3038 1346 3063 morte
1371 3035 1491 3071 posuit.
1518 3033 1554 3063 C.
1615 3034 1669 3072 19)
1697 3035 1835 3064 distinxi
1863 3039 1935 3072 post

108 3089 256 3119 ueritatis.
294 3090 366 3119 ideo
389 3090 468 3129 quod
489 3091 520 3119 b.
545 3091 615 3119 rell.
641 3089 721 3129 quia.
769 3089 827 3128 20)
855 3094 940 3128 atque
965 3090 1066 3119 caelet
1090 3090 1125 3118 P..
1153 3090 1278 3119 occulus
1303 3094 1377 3118 tenet
1401 3099 1436 3119 ac
1462 3091 1563 3119 caelet
1590 3100 1621 3120 v.
1649 3090 1771 3120 occulus
1797 3095 1873 3120 tenet
1897 3100 1933 3120 ac

109 3146 190 3175 celat
213 3155 240 3175 a.
272 3146 368 3176 oculis
392 3150 466 3175 tenet
489 3157 524 3176 ac
550 3147 646 3184 celat,
672 3147 788 3176 bonum
814 3147 1000 3184 epitheton,
1043 3147 1116 3184 quia
1142 3146 1221 3175 nihil
1247 3147 1365 3176 occulti
1390 3147 1489 3176 habet
1517 3146 1624 3185 (At-r.)
1654 3146 1690 3176 C.

243 3193 407 3237 HAL'THALJ
419 3211 487 3232 Aen.
504 3212 543 3232 ET
559 3211 670 3232 Ponrn.

1972 1309 2011 1339 15

1971 1676 2012 1707 ,Ὃ
