2283 3535
663 712 1369 783 COMMENTARII

597 839 685 889 IN
720 839 1056 891 EPODON
1096 840 1429 893 LIBRVM

826 1032 1121 1087 EPODOS
1164 1034 1203 1086 I.

907 1143 1093 1186 ACRON.

219 1234 255 1273 1.
289 1233 369 1275 Ibis
405 1233 601 1274 Liburnis.
660 1232 954 1274 Maecenatem
992 1235 1258 1289 prosequitur
1293 1241 1460 1275 euntem
1497 1235 1550 1276 ad
1582 1234 1737 1277 bellum
1775 1237 1925 1278 nauale

102 1320 195 1348 cum
226 1305 421 1362 Augusto
452 1307 675 1348 aduersum
706 1305 940 1348 Antonium
978 1313 1018 1347 et
1056 1305 1339 1363 Cleopatram.
1422 1307 1512 1364 [Ad
1549 1306 1773 1350 Actiacum
1815 1311 1926 1351 enim

101 1379 257 1421 bellum
294 1380 425 1422 iturus
469 1378 628 1422 Caesar
666 1378 885 1436 Augustus
926 1379 1133 1422 Liburnis
1173 1385 1416 1436 praeposuit
1450 1380 1756 1424 Maecenatem.
1830 1383 1927 1425 Hac

102 1453 230 1509 igitur
259 1453 376 1495 illum
407 1461 530 1509 poeta
560 1453 747 1495 oratione
768 1453 957 1511 solatur]
1020 1453 1244 1510 [Liburnae
1274 1454 1494 1496 nauiculae
1529 1462 1622 1497 sunt
1643 1462 1781 1497 textae
1802 1456 1927 1498 uimi-

100 1526 257 1584 nibus]

213 1603 250 1642 2.
281 1602 403 1643 amice
425 1615 493 1656 pr.
558 1600 620 1642 Ut
649 1600 692 1641 in
723 1616 842 1642 muro
872 1600 931 1642 ita
960 1607 1000 1643 et
1029 1601 1073 1643 in
1103 1601 1283 1644 nauibus
1312 1601 1417 1644 fiunt
1451 1602 1787 1659 propugnacula,
1832 1609 1927 1658 post

102 1687 209 1729 quae
240 1673 489 1716 dimicantes
519 1673 662 1715 armati
699 1673 941 1716 consistunt.

214 1749 251 1789 4.
284 1756 361 1790 tuo.
423 1745 614 1789 Subaudi
637 1748 837 1804 periculo.

215 1822 252 1863 5.
284 1821 378 1877 quid
406 1835 490 1863 nos.
548 1820 747 1876 Eclipsis‚
780 1821 896 1862 deest
925 1821 1038 1863 enim
1067 1823 1274 1876 faciemus.

213 1897 435 1951 superstite.
497 1894 772 1950 Superstitem
813 1910 889 1951 pro
920 1895 1132 1951 praesenti
1153 1895 1304 1950 posuit,
1339 1901 1385 1936 ut
1408 1897 1580 1938 Plautus
1611 1896 1675 1949 (in
1694 1895 1926 1939 Artemone

102 1983 169 2023 ap.
200 1967 312 2010 Fest.
344 1983 385 2024 p.
416 1969 497 2010 305
529 1968 594 2009 ed.
624 1967 839 2023 Miiller.):
870 1983 984 2011 nemo
1015 1969 1080 2010 hic
1111 1969 1223 2010 adest
1251 1977 1455 2025 superstes.

216 2097 510 2133 EXPOSITIONV
534 2102 726 2132 HORATII.
754 2102 883 2132 LIBER
906 2101 980 2131 IIII.
1007 2092 1172 2131 EXPLlc‘J.
1198 2101 1360 2131 INCIPIT
1390 2102 1516 2132 LIBER
1546 2103 1584 2132 V.
1617 2104 1773 2134 iambicus
1805 2104 1926 2134 dicolos

103 2158 131 2188 A
151 2159 267 2198 (Aen).
294 2159 322 2195 Q
339 2159 505 2189 HORATI
530 2158 686 2189 FLACCI
712 2152 909 2188 CARMINV
929 2153 1008 2187 LIR
1025 2158 1098 2187 IIII.
1118 2152 1287 2188 EXPLIU.
1312 2158 1478 2188 INCIPID
1497 2159 1679 2190 EPODON
1695 2160 1927 2191 FELICITER

102 2215 162 2244 AD
188 2214 466 2245 MECENATEM
489 2215 517 2244 A
545 2215 665 2254 (Hor.).
698 2216 817 2253 Incipit
842 2216 923 2245 liber
955 2216 1099 2253 quintus.
1133 2215 1174 2243 ad
1206 2219 1424 2245 maecenatem
1455 2215 1495 2245 K.
1544 2216 1682 2246 Acronis
1714 2215 1926 2248 Grammatici

104 2270 359 2302 Commentarius
385 2273 418 2302 in
445 2272 483 2307 Q.
515 2272 620 2302 Oretii
652 2273 750 2302 libros
783 2273 959 2301 carminum
991 2272 1074 2301 finit.
1109 2271 1253 2301 eiusdem
1286 2272 1319 2300 in
1351 2272 1475 2310 epodon
1508 2273 1623 2311 incipit
1653 2273 1690 2302 R.
1725 2273 1926 2312 Explanatio

102 2327 237 2358 Acronis
264 2329 293 2357 in
319 2328 428 2366 Epodo
454 2328 558 2358 Oratii
584 2338 608 2357 r.
634 2328 769 2358 Acronis
795 2329 1023 2358 commentaria
1052 2329 1085 2357 in
1110 2328 1217 2366 quinti
1236 2327 1314 2367 (sic)
1332 2328 1461 2358 Horatii
1478 2329 1583 2359 Flacci
1601 2329 1737 2367 Epodon
1762 2329 1879 2359 librum
1896 2340 1926 2359 v.

216 2383 376 2414 ACRON.
424 2384 475 2413 Ad
491 2385 692 2414 Mecenatem
709 2385 781 2426 ΑγΡ
806 2389 869 2415 vet.
896 2384 1007 2414 Ambr.
1034 2384 1224 2422 Longiorem
1252 2385 1403 2414 notitiam
1430 2386 1468 2414 de
1494 2389 1606 2422 metro,
1637 2395 1732 2423 quam
1757 2385 1813 2414 afh
1838 2387 1926 2423 prin-

104 2441 186 2478 cipio
211 2441 403 2470 scholiorum
429 2442 582 2478 praebent
606 2442 761 2479 cuiusque
787 2442 874 2478 prior
900 2450 971 2479 pars
990 2440 1144 2479 (Metram
1164 2458 1204 2461 -—
1224 2441 1454 2481 Archilochus)
1480 2451 1541 2471 non
1560 2443 1663 2471 solum
1688 2443 1722 2471 in
1746 2446 1826 2474 vett.
1853 2443 1925 2472 edd.

103 2506 172 2525 rmv
196 2497 250 2525 sed
276 2498 373 2526 etiam
398 2498 431 2526 in
458 2498 621 2527 codicibus
647 2498 778 2535 nostris,
816 2498 957 2527 maxime
982 2502 1088 2527 tamen
1113 2498 1251 2533 uariata,
1288 2498 1433 2535 occurrit,
1460 2499 1492 2527 in
1517 2498 1666 2536 Parergis
1690 2498 1836 2528 codicum
1860 2498 1927 2528 Ho-

104 2553 180 2582 ratii
206 2553 361 2591 inuenies,
388 2554 443 2583 ubi
470 2554 508 2583 de
533 2555 644 2584 metris
671 2554 738 2584 eius
765 2564 867 2584 sermo
893 2558 951 2586 est.
1000 2553 1087 2589 Quae
1105 2563 1122 2595 γ
1138 2554 1247 2590 habet,
1273 2563 1309 2583 ea
1333 2554 1428 2591 plane
1454 2554 1607 2584 differunt
1632 2555 1670 2584 ab
1689 2555 1927 2585 introductione

105 2608 226 2639 Comm.
255 2608 443 2647 Cruquiani.
492 2610 528 2639 In
553 2611 572 2639 b
598 2610 638 2639 ad
665 2610 779 2648 epodos
804 2619 925 2648 paucae
950 2614 1078 2640 tantum
1103 2611 1266 2647 glossulae
1290 2611 1443 2649 leguntur
1467 2612 1543 2641 hinc
1572 2611 1647 2640 inde
1672 2611 1910 2641 disseminatae.

217 2666 252 2705 2)
278 2666 428 2696 aduersus
456 2667 484 2696 2.
521 2666 574 2696 Ad
610 2684 654 2688 —-
690 2668 812 2697 solatur
837 2678 897 2697 om.
922 2666 1093 2704 AR12G‚r.
1125 2676 1158 2709 γε
1195 2666 1392 2697 Mecenatem
1428 2667 1547 2697 deducit
1574 2668 1613 2697 ad
1644 2668 1765 2697 bellum
1798 2671 1926 2697 euntem

104 2721 178 2760 (om.
204 2722 335 2760 nauale)
362 2732 433 2752 cum
458 2726 595 2760 augusto
621 2727 727 2752 contra
752 2724 932 2754 antonium.
980 2723 1032 2752 Ad
1057 2724 1213 2752 actiacum
1239 2724 1342 2754 iturus
1368 2734 1455 2754 cesar
1480 2728 1634 2762 augustus
1652 2724 1790 2753 liburnis
1814 2733 1927 2762 prepo-

104 2778 210 2808 suisset
232 2784 439 2808 mecenatem.
465 2779 526 2808 hac
552 2780 595 2817 ig.
635 2780 668 2809 il.
695 2789 745 2818 po.
770 2784 871 2809 noster
895 2780 1041 2810 oratione
1068 2780 1198 2809 solatur.
1263 2781 1298 2819 4)
1326 2781 1396 2810 Lib.
1435 2798 1477 2801 ——
1513 2781 1693 2810 uiminibus
1723 2789 1783 2810 om.
1808 2779 1926 2814 AR2‚r.

104 2840 178 2864 sunt
201 2844 263 2864 om.
293 2837 375 2872 l‚va.
424 2836 459 2874 6)
486 2835 653 2865 naualibus
678 2835 737 2865 1³2.
764 2845 921 2874 propugn.
948 2845 1009 2867 om.
1029 2835 1067 2865 A.
1094 2837 1276 2867 consistant
1300 2836 1339 2866 A.
1365 2836 1442 2866 Alia
1466 2837 1586 2866 scholia
1611 2838 1643 2866 in
1665 2836 1754 2879 γΒφι
1784 2837 1928 2866 ostendit

107 2890 317 2931 [naumachia
342 2892 362 2920 i.
389 2890 457 2933 Βφ]
485 2892 615 2921 naualia
647 2893 767 2930 proelio
792 2896 869 2922 tunc
894 2893 1045 2930 temporis
1067 2893 1221 2922 interesse
1253 2896 1458 2922 mecenatem.
1491 2894 1542 2922 cui
1560 2894 1628 2931 ipse
1645 2896 1794 2931 praeerat
1818 2893 1927 2921 dicens

105 2948 196 2978 illum
221 2949 267 2978 ire
291 2957 360 2978 cum
385 2947 512 2978 liburnis
537 2949 558 2977 i.
585 2949 744 2979 nauiculis
769 2949 886 2980 libicis.
914 2949 1029 2988 quibus
1054 2952 1188 2978 utuntur
1212 2950 1432 2987 negotiatores
1458 2949 1566 2979 libiae.
1621 2949 1665 2979 Et
1689 2950 1723 2978 hi
1749 2949 1848 2978 etiam
1873 2948 1927 2986 qui

105 3004 239 3042 prelium
263 3005 379 3034 nauale
403 3005 566 3035 ordinant.
605 3015 676 3035 cum
700 3005 751 3035 his
775 3006 936 3036 nauiculis
962 3006 1145 3035 discurrunt
1181 3006 1264 3034 inter
1295 3005 1432 3035 maiores
1458 3015 1556 3035 naues
1587 3006 1773 3035 ordinantes
1805 3005 1928 3034 milites

105 3070 161 3098 per
185 3062 331 3099 singulas
355 3071 452 3091 naues
478 3062 562 3099 quod
586 3071 731 3091 mecenas
756 3067 831 3092 tunc
858 3063 925 3101 egit
950 3063 1034 3092 sicut
1053 3063 1189 3100 quilibet
1207 3062 1274 3090 dux
1293 3062 1326 3091 in
1345 3063 1483 3099 equestri
1502 3063 1686 3092 certamine.
1701 3071 1736 3104 γι
1756 3058 1924 3100 propuyn]

106 3118 346 3155 propugnacula
371 3119 447 3148 dant
471 3119 541 3148 loca
566 3119 600 3148 in
624 3118 760 3156 nauibus,
786 3120 820 3148 in
845 3120 960 3158 quibus
986 3119 1108 3149 milites
1135 3122 1258 3148 stantes
1284 3122 1436 3156 pugnant.
1462 3117 1545 3148 conf.
1564 3118 1600 3148 C.
1651 3118 1686 3157 8)
1714 3117 1758 3156 gl.
1785 3115 1927 3155 periculo

107 3181 149 3201 ex
172 3172 246 3214 ΑΠ’(
272 3173 313 3211 (s.
339 3177 393 3203 tuo
418 3174 585 3214 periculo),
614 3175 672 3212 2,r.
696 3175 766 3204 rell.
793 3185 853 3205 om.
879 3173 962 3205 conf.
988 3175 1105 3214 Porph.
1154 3175 1189 3214 9)
1216 3175 1272 3204 ecl.
1298 3175 1328 3204 d.
1354 3174 1415 3204 fae.
1442 3183 1503 3207 om.
1520 3173 1610 3213 A2‚r.
1638 3174 1695 3203 ecl.
1721 3173 1751 3202 d.
1778 3172 1855 3202 euim
1879 3170 1926 3200 fa-

107 3228 223 3257 ciemus
248 3228 318 3266 R‚v.
346 3229 429 3260 enim
454 3240 514 3260 om.
540 3229 637 3265 ath.
694 3230 750 3269 11)
777 3231 829 3261 hic
854 3232 946 3262 adest
971 3231 1060 3268 A2,r.
1086 3231 1156 3261 rell.
1183 3231 1275 3260 adest
1299 3231 1361 3260 hic.

1953 1914 1994 1946 10
