2283 3535
689 199 920 230 Anni-:NDA
947 199 1004 229 m*
1030 199 1348 231 coluntuznlm.
1838 190 1926 231 XV

104 318 198 368 sint,
230 320 474 373 praesertim
508 335 601 361 cum
633 327 805 374 uterque
828 320 879 361 V.
904 320 958 361 D.
982 321 1149 362 eosdem
1181 322 1294 363 locos
1326 329 1361 361 ct
1387 322 1516 363 uerba
1538 322 1738 377 praebeat
1759 324 1927 365 eadem-

104 406 183 446 que
215 392 419 433 notauerit
451 393 609 434 scholia
640 400 812 434 uetusta.
888 392 1014 445 Quod
1059 401 1196 434 tamon
1242 409 1324 435 non
1374 396 1529 435 sactum
1574 403 1749 451 apparet
1795 404 1833 437 et
1879 412 1928 437 ex

103 464 460 520 inscriptionibus,
510 480 684 519 quarum
717 466 939 507 nonnullas
971 466 1107 507 omisit
1140 466 1445 516 ssroukhusius,
1492 477 1533 508 ut
1574 469 1754 523 primam
1792 470 1929 525 primo

105 536 353 579 Carminum
394 539 501 579 libro
547 538 709 579 datam:
758 537 971 591 QVINTI
1016 538 1246 580 FLACCI
1290 538 1551 581 HORATII
1597 540 1929 584 CARMINVM

104 610 303 652 LIBER.
335 611 383 661 I.‚
416 619 455 653 et
486 626 536 652 ex
566 611 658 665 ipsa
690 612 913 653 lectionum
945 612 1158 659 uarietate,
1190 622 1231 653 ut
1267 612 1314 654 C.
1347 613 1403 662 Il,
1436 614 1474 662 3,
1509 615 1580 662 :263
1620 616 1684 664 16,
1733 617 1804 663 25;
1852 615 1929 665 IV,

102 686 141 733 4,
175 686 226 726 65
259 692 335 725 etc.
395 683 491 726 Hoc
529 684 672 739 utique
710 692 867 725 certum
905 693 978 734 cst,
1024 685 1206 726 'sollium
1246 694 1340 726 ante
1381 686 1523 727 oculos
1560 686 1756 728 habuisse
1796 688 1929 743 ipsam

101 757 360 799 Broukhusii
392 757 670 807 collationem,
703 773 828 812 quam
861 758 1069 813 supplere,
1108 759 1321 814 ctu-rigere
1353 766 1475 813 atque
1508 774 1663 815 augere
1705 761 1931 815 sumpsisse

103 830 182 872 sibi
213 831 391 872 uidetur.
466 830 544 872 Est
589 838 727 872 autem
774 831 842 872 hic
888 838 1075 872 uetustus
1120 831 1226 872 liber
1270 832 1455 874 eiusdem
1501 833 1626 874 fontis
1671 840 1710 874 et.
1750 834 1933 875 familiae

102 904 310 958 putandus
356 919 450 946 curn
496 903 711 946 codicibus
756 904 912 946 Pariss.
961 904 1026 958 Βφ
1072 911 1196 959 atquc
1246 904 1561 957 Blandinianis,
1608 914 1806 962 quantuni
1858 908 1933 949 hos

102 992 355 1034 cognoscere
386 977 514 1020 licuit.

216 1196 624 1240 CORRIGENDA
663 1198 707 1238 in
743 1198 822 1239 hoe
858 1197 1071 1239 uolumine
1112 1197 1225 1238 haud
1262 1212 1398 1252 pauca
1436 1212 1525 1239 esse
1565 1199 1931 1242 uehementissime

102 1271 236 1321 doleo,
269 1278 393 1326 atque
411 1271 715 1327 indulgentiam
747 1271 933 1312 iudicum
964 1285 1193 1326 aequorum
1225 1271 1347 1312 enixe
1378 1278 1519 1326 petere
1541 1286 1680 1313 meum
1701 1279 1774 1315 est.
1814 1273 1932 1325 Quo-

100 1360 192 1385 rum
223 1353 365 1386 tamen
395 1344 534 1386 nullus
565 1343 739 1400 negabit
771 1358 917 1385 uerum
949 1358 1052 1393 esse,
1100 1344 1143 1383 in
1175 1343 1381 1385 eiusmodi
1427 1344 1595 1399 scriptis
1641 1346 1745 1386 tanti
1786 1347 1930 1402 utique

101 1417 258 1459 laboris
289 1425 457 1473 tamque
489 1417 682 1472 spinosae
714 1432 852 1467 curae,
898 1417 941 1457 in
974 1432 1056 1471 qua
1086 1416 1287 1472 religiosi,
1333 1424 1375 1457 ut
1407 1417 1465 1457 ita
1496 1416 1648 1468 dicam,
1682 1419 1793 1461 oculi
1824 1434 1931 1475 per—

101 1491 230 1533 tinaci
261 1491 590 1532 inflammatione
620 1490 851 1531 identidem
881 1489 1088 1540 laborant,
1135 1490 1230 1531 ideo
1268 1490 1379 1544 quod
1413 1490 1466 1532 ab
1498 1491 1638 1545 operis
1667 1491 1815 1533 Latini
1846 1507 1933 1534 ser-

103 1565 239 1606 monis
269 1565 394 1620 plane
426 1564 587 1620 ignaris
617 1579 766 1619 neque,
804 1563 1020 1606 sententiis
1051 1570 1088 1604 et
1120 1563 1368 1604 testimoniis
1400 1570 1545 1619 terque
1576 1571 1808 1620 quaterque
1839 1581 1932 1607 cor-

101 1638 238 1688 rectis,
270 1638 337 1679 uel
367 1645 461 1693 post
492 1638 651 1693 aliquot
680 1652 844 1679 menses
874 1637 1090 1692 paululum
1122 1636 1485 1679 exercitatioribus
1517 1637 1561 1679 in
1591 1638 1799 1694 ponendis
1821 1648 1861 1680 et
1882 1639 1932 1680 li-

101 1712 202 1753 teris
233 1718 272 1752 et
301 1712 486 1753 numeris
518 1711 770 1753 adsiduitate
800 1710 983 1752 maxime
1013 1725 1190 1766 operosa
1211 1710 1499 1766 perficiuntur,
1533 1726 1696 1754 errores
1718 1720 1843 1768 atque
1866 1727 1931 1754 er-

102 1792 193 1827 rata
222 1785 359 1841 magis
389 1786 581 1827 minusue
612 1785 762 1842 grauia
792 1785 918 1840 plane
948 1783 1211 1826 ineuitabilia
1233 1799 1323 1826 esse
1344 1784 1467 1826 mala,
1530 1783 1617 1826 Sed
1639 1800 1734 1827 cum
1756 1787 1934 1841 quisque

102 1874 266 1901 mecum
297 1859 459 1910 sentiat,
507 1866 662 1914 quanto
696 1858 991 1900 correctiorem
1022 1864 1136 1899 tanto
1173 1857 1389 1900 meliorem
1431 1866 1555 1913 atque
1591 1859 1802 1901 utiliorem
1844 1874 1934 1901 esse

102 1933 190 1974 eius
210 1932 325 1974 modi
345 1932 513 1983 librum,
545 1933 740 1988 plurima,
773 1947 879 1987 quae
899 1931 1056 1982 inueni,
1088 1931 1328 1973 adscribam
1363 1938 1512 1982 errata,
1545 1932 1589 1973 in
1620 1933 1772 1987 quibus
1803 1933 1933 1974 colli—

103 2006 253 2062 gendis
283 2021 415 2061 usque
445 2007 499 2047 ad
530 2021 627 2062 pag.
660 2007 712 2048 85
746 2006 1088 2060 Hirwhfddems,
1121 2020 1249 2060 supra
1281 2005 1416 2047 dictus
1447 1994 1703 2057 uir-doctus,
1745 2022 1823 2062 pro
1854 2007 1932 2048 hu-

102 2080 303 2121 manitate
335 2095 409 2121 sua
440 2079 672 2134 benignum
703 2079 805 2120 mihi
836 2079 929 2120 tulit
959 2078 1174 2120 auxilium.

102 2165 212 2209 pag.
236 2154 274 2195 5.
305 2164 438 2197 uers.
463 2155 486 2193 2
525 2153 762 2194 emendatio
794 2167 887 2194 mea
922 2167 1075 2208 operae
1107 2152 1271 2194 incuria
1300 2154 1412 2194 facta
1443 2159 1502 2194 est
1534 2152 1726 2195 obscura.
1786 2153 1932 2209 Lege:

238 2225 337 2281 quia
374 2226 436 2266 illi
474 2225 616 2280 (filisffu)
655 2225 857 2268 debemus
895 2225 1171 2268 substantiam
1204 2226 1480 2279 (substamina
1492 2228 1543 2283 P),
1582 2226 1695 2268 unde
1732 2227 1934 2268 sumimus

240 2299 418 2353 (suimus
431 2300 482 2355 ‘?).

105 2385 214 2429 pag.
249 2374 342 2414 108.
374 2386 421 2416 u.
454 2375 478 2414 5
510 2380 551 2414 et
581 2375 648 2415 28.
698 2372 828 2414 Hunc
868 2373 1149 2415 difficiliorem
1186 2372 1324 2414 locum
1364 2371 1436 2428 (C.
1466 2373 1501 2423 I,
1534 2369 1600 2424 27,
1635 2375 1707 2427 19>
1746 2374 1787 2414 in
1826 2374 1934 2415 notis

239 2446 410 2487 uberius
446 2453 626 2488 tractare
665 2462 748 2488 non
779 2446 908 2487 licuit.
968 2446 1019 2487 In
1052 2445 1342 2487 constituenda
1373 2461 1474 2487 uera
1495 2446 1583 2488 eius
1614 2446 1791 2489 lectione
1822 2447 1934 2488 haud

240 2519 363 2574 parui
379 2519 579 2560 momenti
593 2518 974 2574 Porphyrionis
992 2527 1052 2560 est
1073 2519 1368 2560 auctoritas.
1417 2518 1598 2560 Codices
1614 2519 1771 2574 Porph.
1788 2520 1879 2561 MR
1896 2527 1933 2561 et

240 2607 314 2633 rva
330 2591 486 2633 habent
503 2598 689 2646 quanta
706 2592 872 2633 laboras
891 2590 928 2633 C
941 2592 1030 2633 har
1038 2592 1179 2647 ybdi,
1203 2591 1357 2633 omisso
1374 2592 1483 2633 inter
1499 2593 1661 2634 laboras
1682 2600 1722 2634 et
1735 2594 1938 2650 Charybdi

241 2664 448 2706 uocabulo
478 2664 633 2719 aliquo,
667 2665 778 2719 quod
809 2680 954 2706 uersus
985 2665 1172 2720 requirit.
1233 2665 1599 2720 Praepositionem
1630 2665 1814 2720 aliquam
1852 2667 1934 2707 uiri

244 2737 357 2779 docti
386 2737 691 2787 desiderarunt,
723 2738 809 2788 alii,
841 2745 884 2779 ut
915 2740 1059 2787 Aldus,
1100 2738 1306 2787 Pithoeus,
1345 2739 1567 2788 Bentlez'us,
1614 2740 1831 2789 waterus,
1878 2741 1934 2789 in,

242 2810 328 2861 alii,
366 2818 409 2852 ut
446 2826 581 2866 nuper
620 2811 664 2851 in
701 2811 836 2852 amico
875 2810 1097 2865 conloquio
1136 2811 1342 2852 Gustauus
1382 2812 1562 2865 ll'olffius
1594 2812 1665 2859 ab,
1711 2813 1822 2866 quod
1861 2813 1933 2853 de-

242 2884 435 2926 fensurus
478 2884 603 2925 etiam
634 2891 723 2925 erat
753 2884 844 2925 loco
882 2883 954 2925 illo
994 2883 1100 2925 Hor.
1142 2882 1184 2924 S.
1222 2883 1256 2933 I,
1289 2885 1328 2933 4,
1361 2885 1434 2925 26:
1469 2882 1571 2924 ‘Aut
1601 2884 1650 2925 ab
1681 2887 1832 2926 aurz'tz'a
1865 2895 1933 2926 aut

243 2956 397 2998 misera
427 2956 655 2997 ambitione
676 2955 866 3005 laborat',
898 2955 971 2997 ubi
998 2956 1228 3010 aequalitas
1244 2956 1470 2998 uerborum
1486 2956 1703 2998 iuncturae
1728 2958 1934 2999 recentio-

244 3044 332 3070 rem
362 3029 583 3070 lectionem
615 3030 660 3070 ab
693 3031 870 3070 attarz'lc'a
901 3044 978 3083 pro
1010 3030 1054 3070 ol)
1088 3031 1317 3078 αῖιανίτίαηι,
1350 3030 1463 3084 quod
1500 3030 1659 3084 optima
1689 3031 1935 3072 auctoritate

243 3103 429 3144 omnium
474 3103 561 3143 fere
606 3108 703 3142 uett.
749 3102 869 3143 codd.
923 3101 1130 3143 munitum
1179 3108 1259 3152 est,
1311 3102 1510 3144 inducere
1556 3103 1759 3157 quosdam
1804 3102 1935 3144 iussit.

244 3174 386 3230 Atque
430 3175 555 3216 etiam
603 3174 828 3216 dicendum
866 3181 945 3224 est,
987 3181 1132 3229 poetas
1168 3174 1346 3216 Latinos
1391 3175 1435 3216 in
1472 3190 1549 3217 usu
1585 3175 1705 3217 uerbi
1750 3176 1934 3218 laborare
