2283 3535
247 628 264 657 25!

249 991 289 1022 10

252 1355 292 1386 15

261 2448 302 2480 30

309 196 391 236 388
946 202 1051 234 Aen.
1077 202 1136 233 ET
1162 201 1329 233 PORPH.
1356 200 1505 232 COMM.

423 328 488 368 46.
522 342 543 368 0
575 327 646 367 sol.
706 324 847 368 Solem
877 339 955 380 pro
987 324 1054 365 die
1085 324 1238 379 posuit,
1275 338 1356 377 quo
1378 323 1512 364 uictor
1535 321 1694 364 Caesar
1718 321 1902 378 [urbem]
1926 321 2142 377 ingressus

310 406 385 450 est,
417 406 462 440 ut
492 397 567 453 (A.
599 397 680 448 ΙΙΙ,
713 398 837 452 203):
873 399 962 439 Tris
994 398 1092 438 adeo
1123 398 1295 438 incertos
1328 411 1445 437 caeca
1478 397 1643 450 califfl'ne
1673 396 1774 436 soles
1808 396 2019 436 Erramus.

424 473 492 512 47.
523 472 591 512 48.
625 485 769 512 canam
802 485 834 512 r.
872 470 910 512 C.
941 472 971 524 s.
1030 469 1127 510 Hoc
1159 477 1232 519 cst,
1266 484 1345 524 ego
1376 469 1476 510 felix
1508 483 1668 509 canam.

424 546 491 585 49.
522 546 559 585 2'0
591 552 640 585 tr.
700 543 773 583 Ad
804 543 942 598 ipsum
974 542 1094 596 quasi
1123 542 1382 595 triumphum
1404 541 1588 595 loquitur
1610 555 1730 581 saera
1751 539 2030 589 inuocatione,
2064 554 2146 594 qua

315 616 385 659 ‘Jo
415 615 484 658 Jo’
518 616 749 666 dicebatur,
780 622 825 656 ut
856 614 929 668 (A.
962 613 1062 663 VII,
1094 615 1218 667 400):
1251 615 1300 654 Jo
1333 622 1493 663 matres,
1527 614 1670 654 audite.

429 691 494 731 52.
527 690 720 743 benzyrze's.
779 686 979 728 Reditum
1011 686 1100 726 eius
1130 685 1454 740 praestantibus.

428 763 490 803 53.
524 770 569 802 te.
602 762 639 801 d.
674 769 698 800 t.
731 768 754 800 l.
786 774 826 800 u.
886 757 959 798 Ad
990 759 1191 799 honorem
1222 758 1335 798 enim
1365 758 1571 799 maiorum
1607 757 1826 798 numinum
1848 757 2031 812 pertinet
2060 757 2149 798 siue

314 834 546 892 potentium
578 846 868 887 personarum,
915 831 950 872 si
981 831 1148 886 magnis
1179 830 1363 872 uictimis
1393 830 1644 880 immoletur,
1676 836 1721 871 ut
1758 828 1833 885 (G.
1864 829 1922 880 II,
1957 831 2077 886 146):
2111 836 2151 871 et

314 909 493 949 maxima
525 913 671 946 icturus
710 904 884 945 Victima.

429 981 494 1021 54.
527 993 586 1018 me
618 985 728 1018 tener
759 977 893 1018 soluet.
954 976 1161 1018 Absoluet
1192 983 1384 1017 uotorum
1415 976 1557 1017 debito
1587 976 1613 1016 i.
1646 990 1680 1016 e.
1712 975 1932 1030 promisso.

431 1053 496 1094 56.
529 1052 572 1092 ,tn
603 1065 653 1091 m.
684 1059 790 1092 uota.
851 1049 893 1090 A
925 1064 991 1090 me
1022 1049 1104 1091 diis
1134 1049 1355 1104 promissa.

431 1125 496 1166 57.
522 1131 717 1166 curualos
737 1124 761 1164 τ’.
782 1124 904 1177 iquos.
956 1122 1107 1163 Lunae
1129 1121 1370 1177 incipientis
1398 1121 1547 1163 similis
1578 1120 1621 1161 in
1653 1134 1854 1162 cornuum
1888 1119 1970 1177 [in]
2003 1135 2153 1162 curua-

317 1198 431 1240 tione
462 1196 530 1238 uel
562 1195 781 1237 breuitate.

432 1271 497 1312 59.
530 1283 608 1325 qua
638 1284 677 1310 n.
709 1270 746 1310 d.
809 1266 1035 1323 Signatum
1065 1268 1201 1309 fronte
1232 1268 1410 1308 uitulum
1442 1266 1523 1308 diis
1554 1281 1631 1322 pro
1662 1266 1799 1307 reditu
1830 1267 2080 1321 promissum
2112 1267 2156 1308 in

320 1358 369 1385 ea
399 1349 532 1398 parte,
566 1357 649 1397 qua
680 1348 778 1383 nota
809 1341 971 1382 inustus
1003 1340 1204 1395 (inusta‘?)
1247 1347 1348 1390 erat,
1386 1340 1505 1382 albos
1546 1340 1654 1394 pilos
1694 1340 1891 1382 habuisse
1931 1340 2154 1396 signifieat,

319 1431 414 1459 cum
445 1422 554 1457 esset
584 1422 669 1456 toto
702 1429 877 1469 corpore
909 1414 1158 1455 naturaliter
1188 1413 1353 1454 rubeus.

1057 1542 1418 1586 PORPHYRION.

438 1635 553 1676 Pe'nd.
585 1648 618 1690 q.
648 1641 695 1674 st.
728 1648 785 1674 ae.
845 1631 969 1673 Haec
999 1632 1078 1672 ode
1110 1632 1163 1672 ad
1184 1631 1420 1673 Antonium
1441 1631 1602 1681 Julum,
1634 1630 1775 1672 Marei
1795 1629 1976 1672 Antonii
2007 1631 2159 1672 trium-

321 1707 404 1749 uiri
434 1707 581 1756 filium,
614 1705 824 1754 scribitur,
857 1705 1076 1746 continens
1107 1704 1252 1746 laudes
1283 1705 1461 1746 Pindari
1491 1705 1615 1760 lyrici
1646 1711 1807 1760 poetae.

437 1782 474 1821 2.
509 1780 653 1821 ceratis
685 1794 718 1820 0.
752 1779 789 1820 d.
821 1793 860 1819 η.
884 1780 1036 1834 pomis.
1095 1777 1146 1818 Id
1178 1784 1251 1828 est,
1283 1778 1433 1819 altiora
1462 1793 1586 1832 quam
1610 1777 1743 1832 possit
1764 1777 1964 1832 expedire
1986 1782 2159 1818 conatus

323 1853 572 1908 decipietur,
606 1851 959 1906 quemadmodum
993 1850 1138 1892 Icarus
1169 1850 1353 1891 Daedali
1384 1850 1579 1892 manibus
1610 1850 1731 1891 saetis
1763 1851 1917 1905 pinnis.

437 1926 474 1966 3.
506 1927 635 1966 uitreo
668 1925 704 1965 d.
740 1939 779 1965 sn.
804 1940 846 1979 p.
922 1923 1036 1975 Quia
1074 1923 1127 1964 ab
1164 1923 1286 1965 Icaro
1324 1939 1439 1965 mare
1477 1923 1661 1965 Icarium
1700 1923 1951 1978 appellatur.
2036 1924 2162 1964 Vatreo

324 2004 463 2040 autem
496 2004 626 2053 ponto
658 1997 684 2038 i.
717 2012 750 2038 c.
783 1997 905 2038 uitrei
938 1997 1101 2039 eoloris.

444 2072 507 2113 10.
540 2085 610 2112 seu
634 2086 677 2126 p.
708 2086 741 2111 (ι.
772 2085 810 2110 n.
845 2071 941 2111 clz'tlz.
973 2086 1011 2111 u.
1071 2069 1159 2119 Ait,
1192 2070 1293 2124 quid
1324 2069 1551 2124 plurimum
1590 2069 1670 2110 sibi
1702 2068 1914 2110 Pindarus
1950 2068 2020 2110 hic
2056 2082 2164 2123 per—

326 2144 482 2192 mittat3
520 2159 616 2184 nam
640 2151 680 2184 et
701 2143 884 2183 maximo
906 2143 1053 2198 spiritu
1074 2157 1207 2184 nouas
1227 2142 1424 2184 historias
1444 2142 1524 2184 hoc
1545 2140 1683 2183 metro>
1701 2142 1824 2183 canit.
1886 2143 2005 2185 Noua
2026 2148 2165 2183 autem

325 2218 452 2259 uerba
483 2224 554 2257 aut
586 2215 871 2265 admirabilia,
906 2223 976 2256 aut
1006 2215 1058 2256 ab
1091 2215 1183 2270 ipso
1213 2215 1402 2256 Pindaro
1433 2216 1544 2256 facta
1575 2229 1665 2257 esse
1696 2215 1854 2271 accipe.

443 2291 507 2330 11.
539 2291 752 2344 nwnerlsq.
783 2290 813 2343 s.
845 2290 869 2329 I.
903 2305 933 2329 s.
978 2288 1094 2337 Ideo,
1127 2289 1226 2342 quia
1256 2288 1503 2343 plerumque
1535 2288 1589 2328 ad
1619 2288 1878 2342 uoluptatem
1900 2303 2018 2329 suam
2050 2287 2165 2343 quis-

329 2377 410 2418 que
441 2362 598 2417 lyricus
628 2368 752 2416 pocta
783 2368 962 2402 metrum
994 2361 1074 2402 sibi
1106 2361 1241 2416 fingit,
1268 2361 1363 2417 [ita]
1397 2369 1536 2401 tamen
1567 2368 1624 2410 ut,
1658 2375 1782 2415 quem
1814 2361 1894 2403 sibi
1925 2361 2018 2416 ipse
2047 2360 2166 2401 initio

330 2436 436 2478 odae
468 2435 609 2477 statuit
640 2435 844 2485 ordinem,
876 2449 1047 2476 neccsse
1078 2434 1231 2475 habeat
1261 2434 1315 2474 ad
1345 2434 1472 2474 finem
1502 2448 1634 2488 usquc
1666 2434 1886 2475 custodire.

444 2510 507 2550 17.
538 2510 620 2549 sine
650 2523 684 2564 q.
716 2508 799 2550 elea
822 2509 858 2549 cl.
890 2523 923 2549 r.
949 2524 991 2563 p.
1026 2508 1214 2549 caelesle's.
1275 2506 1430 2547 Utrum
1463 2504 1682 2548 Castorem
1715 2513 1754 2548 et.
1784 2507 2002 2549 Pollucem
2032 2506 2166 2563 signi-

447 2675 478 2713 1)
503 2675 614 2704 urbem
639 2683 699 2703 oni.
725 2673 937 2715 A-flzissstvc.
1003 2674 1037 2712 3)
1065 2672 1147 2702 felix
1175 2681 1232 2710 ego
1258 2672 1315 2701 RQ.
1381 2672 1415 2710 4)
1442 2673 1515 2710 quia
1540 2673 1599 2702 1³2.
1641 2675 1830 2704 dicebantur
1855 2674 1895 2704 A.
1959 2674 1992 2713 7)
2018 2674 2169 2704 maiorem

330 2732 410 2774 Λγῖὶ.
460 2732 495 2770 8)
524 2735 688 2770 potentum
712 2731 779 2760 AR.
809 2748 847 2751 —u
875 2735 901 2759 e(
925 2730 1119 2772 ,fx-,Rimnh
1147 2730 1214 2759 rell.
1242 2739 1301 2758 om.
1370 2730 1423 2767 10)
1453 2730 1517 2759 sch.
1545 2740 1605 2760 om.
1632 2730 1672 2759 Λ.
1741 2730 1796 2769 1-2)
1824 2731 1855 2760 iu
1881 2740 2034 2761 cornuum
2059 2739 2170 2760 curua-

330 2789 417 2817 tione
444 2788 675 2829 A-sltmffmca.
703 2796 787 2816 corn.
815 2787 934 2816 inem-u.
962 2786 1067 2821 (thQ.
1107 2786 1189 2815 cons.
1218 2786 1299 2815 Plin.
1325 2785 1426 2815 XVII.
1453 2787 1504 2814 23.
1554 2786 1683 2819 XXXV,
1711 2788 1769 2816 25:
1809 2788 1840 2816 in
1878 2787 2065 2816 ein-untione
2101 2796 2166 2816 ma-

330 2845 442 2875 teriae.
495 2844 549 2883 15)
575 2845 649 2873 hab.
678 2843 788 2881 signif.
816 2843 854 2872 Α.
882 2844 1035 2873 habuisse
1060 2853 1090 2872 se
1116 2845 1197 2880 sign.
1223 2853 1249 2884 γ.
1277 2843 1344 2874 rell,
1371 2843 1452 2879 sign.
1478 2843 1629 2872 habuisse
1667 2843 1749 2873 conf.
1776 2844 1870 2881 Vcrg.
1899 2843 1936 2873 G.
1963 2843 2021 2880 III,
2051 2844 2123 2873 158.

444 2898 600 2929 PORPII.
651 2900 720 2928 Ode
746 2899 900 2928 Lxxxx.
928 2900 963 2928 1-1.
1028 2900 1082 2938 19)
1113 2899 1221 2928 iulium
1249 2908 1332 2927 omn.
1361 2899 1432 2928 libri
1493 2898 1550 2937 21)
1579 2909 1660 2929 caer.
1686 2899 1777 2937 M‚rv.
1844 2900 1900 2939 22)
1927 2903 2057 2929 conatus
2082 2900 2169 2928 deei-

332 2957 456 2995 piaetnr
480 2955 524 2984 M.
550 2965 595 2985 co.
624 2955 796 2993 decipietur
821 2955 940 2985 RA‘ZG.
968 2966 1014 2985 eo.
1043 2957 1186 2994 decipere
1211 2965 1257 2985 rv.
1285 2959 1413 2984 conatur
1438 2955 1536 2985 dicere
1561 2956 1628 2985 afli.
1656 2957 1764 2994 pinnis
1782 2956 1825 2985 M.
1852 2957 1922 2986 rell.
1950 2956 2075 2993 pennis.
2101 2956 2170 2984 Ica-

331 3024 397 3044 rus.
427 3012 544 3042 maiora
569 3022 727 3052 assyressus
740 3012 854 3051 [ηοω-ε
880 3014 994 3052 pennis
1020 3014 1123 3043 Daed.
1154 3022 1235 3042 man.
1263 3012 1360 3042 factis
1388 3013 1432 3041 fh.
1483 3013 1539 3052 25)
1567 3013 1619 3042 Ait
1643 3012 1714 3051 qnid
1730 3012 1854 3049 M2G‚1·.
1881 3013 1940 3041 Aut
1963 3012 2042 3049 qnod
2065 3021 2093 3041 v.
2119 3016 2171 3040 aut

332 3072 505 3109 plurimum
532 3081 559 3099 a.
587 3070 675 3108 Atqui
701 3071 780 3108 plur.
808 3070 841 3099 R.
872 3070 950 3103 Quid
975 3071 1055 3108 plur.
1082 3070 1122 3099 A.
1150 3071 1200 3099 hic
1233 3070 1325 3098 l'ind.
1354 3079 1450 3107 perm.
1479 3070 1561 3098 rvfli.
1588 3070 1736 3107 permittit
1757 3079 1784 3098 a.
1812 3069 1872 3097 sibi
1900 3069 1989 3107 pind.
2015 3069 2069 3097 hie
2090 3077 2169 3106 pro-

332 3130 442 3159 mittat
466 3128 502 3157 R.
568 3128 625 3165 29)
652 3127 693 3155 ita
718 3137 778 3157 om.
804 3127 1012 3163 MAlttzx-affa
1040 3129 1086 3156 ita
1111 3131 1220 3156 tamen
1246 3136 1308 3155 om.
1337 3128 1364 3154 2.
1393 3127 1437 3155 ita
1463 3130 1570 3155 tamen
1597 3130 1631 3155 ut
1657 3125 1734 3160 t'hQ.
1759 3144 1794 3145 ἡκ
1824 3126 1891 3163 ipso
1915 3125 1958 3154 M.
1991 3125 2060 3154 rell.
2088 3125 2167 3162 ipse.

333 3196 392 3216 0111.
420 3185 456 3215 R.
483 3185 563 3215 odae
588 3183 655 3221 A‚1·.
683 3184 733 3214 odi
761 3183 810 3213 2G
836 3181 903 3226 ωῧη
931 3184 972 3214 M.
1000 3185 1070 3215 odis
1097 3183 1133 3213 R.
1183 3184 1241 3223 30)
1268 3192 1332 3213 eum
1359 3191 1491 3213 neccsse
1516 3181 1560 3212 fh.
