2283 3535
784 233 830 262 IN
847 232 990 263 enum.
1019 233 1075 262 1v.
1095 237 1124 262 —.›.
1823 226 1904 266 389

83 355 191 403 ficat,
231 368 283 393 an
316 352 589 408 generaliter:
623 352 874 405 quicumque
906 367 956 392 cx
988 353 1216 393 certamine
1248 367 1460 394 sacrorum
1483 370 1667 409 agonum
1688 356 1906 397 uictoriam

84 426 358 480 reportauerit
368 428 386 465 ’ἔ

197 500 260 539 19.
293 508 324 539 et
357 513 387 538 c.
412 513 454 553 p.
485 513 513 537 s,
546 512 595 538 m.
637 498 672 538 ιΙ.
733 496 862 543 Dicit,
896 496 1031 551 magis
1062 496 1179 536 illum
1211 496 1367 537 honore
1398 497 1625 547 inlustrari,
1660 514 1782 553 quem
1804 500 1906 540 Pin-

84 571 210 612 darus
250 570 434 611 carmine
472 584 545 611 suo
584 569 791 610 celebrem
828 568 945 615 fecit,
991 583 1116 621 quam
1165 568 1200 609 si
1238 575 1404 609 eentum
1451 570 1596 610 statuis
1627 571 1794 624 publice
1833 573 1908 612 ho-

84 650 266 684 noretur.

200 717 263 755 21.
293 716 332 770 fl.
365 730 419 770 sp.
451 716 474 755 ί.
506 728 540 755 r.
568 715 624 770 pl.
686 713 773 753 Aut
805 714 852 763 si,
898 714 1046 767 inquit,
1094 714 1261 769 (quid‘ff)
1293 714 1430 755 flebile
1470 730 1638 757 carmen
1678 715 1822 756 scribit
1861 717 1911 756 de

87 787 352 828 adulescente
383 787 536 841 aliquo,
570 787 688 827 euius
718 793 849 827 morte
882 802 1036 840 sponsa
1067 786 1240 841 decepta
1273 787 1344 835 sit3
1389 803 1511 842 quem
1544 788 1688 829 inferis
1719 788 1912 829 subducit

86 867 209 914 atque
240 859 505 901 inmortalem
535 859 634 900 facit
664 858 875 899 laudando
907 859 1092 899 animum
1124 874 1344 913 moresque
1375 860 1463 901 eius
1494 867 1617 915 atque
1648 861 1858 901 uirtutem.

199 933 263 973 25.
295 933 421 973 multa
455 933 672 973 mrcaeum
704 933 728 972 l.
767 948 803 972 α.
843 946 1020 987 cycnum.
1095 931 1327 972 Dircaeum
1372 932 1605 973 Pindarum
1651 933 1764 983 dicit,
1813 933 1911 987 quia

86 1004 313 1045 Thebanus
343 1004 433 1053 fuit,
465 1020 488 1044 a
518 1005 631 1044 fonte
661 1003 861 1044 Boeotiae
893 1003 1038 1053 Dirce,
1077 1004 1147 1058 qui
1170 1012 1231 1045 est.
1251 1004 1410 1045 Thebis
1440 1006 1668 1059 proximus.
1735 1006 1912 1061 Cycnum

88 1085 225 1117 autem
257 1077 435 1117 cundem
467 1076 650 1131 appellat
682 1091 706 1116 a
737 1076 940 1117 suauitate
972 1076 1230 1126 carminum,
1277 1077 1375 1131 quia
1407 1083 1447 1117 et
1483 1078 1604 1132 cycni
1646 1079 1788 1119 canori
1826 1092 1915 1120 esse

91 1149 297 1190 dicuntur.

202 1223 321 1263 leuat.
355 1238 390 1262 (ι.
453 1221 503 1261 Id
535 1228 607 1269 est,
640 1221 861 1263 sublimem
893 1221 1004 1262 facit.

207 1296 271 1334 ⁶27.
306 1295 370 1335 28.
406 1295 593 1337 Matinae.
653 1294 844 1334 Matinus
874 1308 993 1334 mons
1026 1293 1125 1350 [est]
1161 1293 1400 1336 Calabriae.

202 1382 270 1421 eyo
302 1368 388 1421 apis
420 1382 468 1407 m.
500 1382 548 1407 m.
580 1382 628 1407 m.
708 1366 767 1407 Ut
797 1365 1031 1406 Pindarum
1062 1373 1234 1420 propter
1265 1366 1564 1408 sublimitatem
1595 1377 1635 1408 et
1665 1368 1913 1408 suauitatem

90 1438 288 1480 carminis
325 1453 456 1493 cycno
494 1439 774 1493 comparauit,
812 1439 869 1478 ita
906 1452 949 1479 se
988 1438 1080 1492 api;
1128 1454 1204 1493 per
1242 1439 1354 1493 quod
1393 1439 1615 1495 signifieat,
1648 1455 1781 1495 parua
1813 1441 1917 1495 qui-

91 1511 187 1552 dem
218 1518 257 1552 et
277 1511 451 1551 humilia
483 1526 525 1552 se
548 1510 746 1560 seribere,
780 1511 853 1552 sed
884 1511 1054 1552 subtilia
1085 1517 1124 1552 et
1155 1511 1307 1552 dulcia.

203 1585 268 1624 33.
303 1586 481 1625 concines
512 1599 562 1624 m.
586 1599 629 1639 p.
653 1585 711 1639 pl.
787 1582 994 1624 Concedit
1023 1582 1211 1625 Antonio
1242 1583 1357 1633 Julo,
1404 1592 1448 1625 ut
1480 1585 1570 1640 ipse
1601 1586 1741 1640 potius
1772 1586 1920 1626 trium-

92 1656 197 1711 phos
235 1654 432 1698 Caesaris
468 1656 642 1703 scribat,
690 1671 781 1696 cum
810 1656 871 1711 [sit
909 1655 1119 1697 robustior
1156 1657 1199 1696 in
1237 1657 1436 1699 carminis
1475 1658 1644 1713 spiritu3
1690 1659 1770 1700 hoc
1810 1659 1921 1699 enim

93 1728 303 1784 signifieat
333 1728 477 1770 dicens
508 1730 659 1769 maiore
684 1729 854 1785 plectro.

206 1803 272 1843 35.
300 1816 374 1856 per
404 1817 434 1842 s.
469 1802 515 1843 cl.
574 1801 625 1841 Id
656 1808 729 1851 est,
762 1816 838 1856 per
860 1816 1017 1843 sacram
1037 1801 1170 1851 uiam3
1209 1802 1287 1843 hac
1309 1802 1420 1844 enim
1442 1803 1749 1859 triumphantes
1770 1804 1813 1845 in
1837 1804 1921 1846 Ca-

95 1874 289 1930 pitolium
320 1873 448 1914 ibant.

208 1948 274 1988 37.
306 1961 381 2002 quo
411 1962 450 1988 n.
482 1963 532 1988 m.
563 1962 612 1988 m.
644 1956 668 1988 c.
700 1948 785 2001 sata
817 1948 1032 1988 donauere.
1093 1945 1278 1988 Caesare
1310 1947 1479 1989 scilieet.

208 2022 274 2060 42.
301 2021 414 2075 publ.
447 2021 472 2061 l.
532 2019 583 2060 Id
614 2027 687 2070 est,
719 2020 936 2074 publicum
968 2019 1170 2075 gaudium
1202 2034 1327 2074 super
1347 2020 1569 2075 impetrato
1600 2022 1717 2063 fortis
1738 2021 1925 2078 Augusti

97 2093 244 2134 reditu.
314 2091 521 2147 Apparet,
569 2091 797 2134 Caesarem
828 2094 879 2134 de
910 2093 1047 2134 reditu
1078 2108 1151 2134 suo
1181 2092 1362 2134 Romam
1393 2093 1554 2135 litteras
1584 2095 1759 2136 misisse.
1837 2090 1923 2136 Sed
1950 2106 1956 2115 ⁵

99 2172 242 2222 gratus
273 2180 440 2215 sensus3
472 2166 532 2207 sie
563 2166 675 2207 enim
706 2181 748 2207 se
779 2165 918 2216 habet,
950 2172 994 2207 ut
1024 2166 1245 2221 intellegas
1276 2165 1479 2222 populum
1509 2165 1760 2218 Romanum,
1792 2174 1837 2209 ut
1866 2168 1924 2218 fit,

98 2238 279 2294 publicis
310 2238 686 2280 adclamationibus
716 2239 976 2280 desiderasse
1007 2238 1080 2279 diu
1110 2238 1291 2280 reditum
1321 2238 1519 2296 Augusti.

211 2313 278 2352 45.
310 2322 391 2352 lum
422 2327 470 2353 m.
502 2328 532 2353 s.
564 2326 596 2367 q.
629 2313 773 2368 loquar
805 2313 898 2354 (tzod.
960 2311 1164 2366 Spondet,
1196 2327 1239 2353 se
1271 2327 1436 2366 quoque
1459 2313 1643 2353 carmine
1665 2313 1806 2367 aliquo
1836 2313 1927 2353 lau-

101 2385 173 2426 des
203 2384 247 2424 in
280 2382 508 2426 Caesarem
539 2385 760 2435 dicturum,
798 2385 871 2426 sed
901 2399 1050 2426 scenae
1080 2384 1222 2426 breuis
1243 2399 1388 2427 uersus
1429 2386 1852 2440 (ἐπιχειρηματικὸςῗ)
1884 2385 1928 2425 in

102 2471 163 2506 eo,
196 2457 308 2511 quod
338 2457 542 2498 intulerit:
576 2459 612 2498 εί
639 2458 733 2513 quid
764 2458 904 2514 loquar
934 2458 1191 2498 audiendum.

214 2531 281 2570 47.
312 2531 379 2570 47.
406 2531 574 2584 pulcher
605 2546 637 2571 o.
671 2531 694 2570 l.
729 2545 759 2571 c.
790 2544 823 2570 r.
851 2531 890 2572 C.
922 2531 951 2584 f.
1013 2529 1152 2586 [Ordo
1174 2529 1275 2585 estz]
1312 2529 1410 2585 Ego
1430 2530 1532 2573 felix
1553 2537 1721 2586 recepto
1745 2530 1928 2572 Caesare

104 2615 263 2642 canam.

240 2694 275 2732 4)
301 2693 441 2731 b'chlicac
464 2694 507 2724 M.
573 2696 606 2734 6)
634 2696 744 2733 inquid
768 2696 810 2725 M.
877 2696 912 2734 7)
937 2705 1030 2733 quem
1054 2696 1130 2724 feris
1156 2695 1199 2724 M.
1226 2696 1258 2724 in
1292 2696 1532 2725 adolescentem
1564 2697 1704 2733 aliquem
1737 2695 1803 2724 afh.
1835 2696 1929 2724 scrib.

107 2749 337 2779 adolescentem
361 2751 467 2788 aliquo
491 2760 521 2779 v.
574 2752 628 2789 14)
654 2755 704 2780 est
729 2761 790 2780 om.
816 2751 889 2780 MR.
941 2751 997 2789 18)
1025 2750 1099 2780 iulio
1123 2751 1209 2779 libri.
1264 2751 1317 2789 19)
1344 2752 1378 2780 in
1404 2751 1474 2780 MR.
1500 2752 1569 2780 rell.
1596 2761 1656 2780 om.
1684 2750 1794 2780 Scribe
1819 2752 1931 2780 robus-

105 2804 181 2833 tiori
204 2814 299 2834 carm.
327 2806 453 2842 spiritu.
481 2805 562 2835 conf.
588 2806 674 2835 Pers.
700 2807 737 2843 V,
765 2808 795 2835 5.
845 2807 903 2845 23)
929 2816 1082 2835 caesarem
1106 2805 1303 2843 MR2G‚1·va.
1331 2816 1460 2836 caesare
1485 2806 1551 2841 th
1577 2810 1610 2835 ut
1636 2806 1710 2835 Aer.
1768 2807 1825 2845 27)
1852 2806 1930 2835 adel.

106 2859 181 2889 MG.
231 2862 288 2899 29)
315 2862 371 2890 sed
395 2861 504 2891 chaene
528 2862 636 2892 breuis
663 2871 774 2891 uersus
800 2872 919 2905 επιχιρε
943 2863 986 2891 Μ.
1013 2863 1071 2891 sed
1095 2871 1225 2891 scaenae
1250 2863 1359 2892 breuis
1385 2871 1496 2891 uersus
1522 2860 1641 2905 ἐπίχιρε
1666 2862 1727 2891 Α2.
1758 2862 1821 2892 Sed
1846 2862 1934 2891 breui

106 2925 177 2945 usus
201 2916 312 2954 epz'cc‘re
338 2918 369 2946 in
396 2927 431 2947 6ο
457 2918 540 2955 quod
567 2918 672 2948 iutulz't
696 2918 733 2947 R.
760 2919 814 2947 sed
841 2928 975 2948 scaenae
999 2919 1105 2948 breuis
1123 2927 1235 2947 uersus
1254 2919 1284 2947 in
1313 2927 1348 2947 eo
1366 2927 1430 2947 rva.
1451 2918 1506 2947 Sed
1523 2917 1673 2957 siyng'fi'cat
1688 2918 1802 2948 breues
1819 2928 1932 2947 uersus

108 2973 142 3000 in
168 2981 202 3001 eo
227 2971 273 3001 fh.
300 2973 384 3001 Edd.
411 2983 494 3002 omn.
522 2983 581 3003 om.
608 2983 656 3011 gr.
683 2984 732 3004 uo.
759 2972 888 3017 ἐπιχιρε.
918 2975 1107 3012 Legendum
1132 2978 1226 3012 puto:
1253 2974 1310 3002 sed
1335 2974 1499 3002 schemate
1524 2983 1601 3002 usus
1628 2971 1874 3016 ἐπιχειρήματος
1900 2975 1933 3002 in

110 3036 145 3056 eo
170 3028 254 3065 quod
279 3028 394 3058 intulit.
421 3028 509 3058 Olim
533 3033 781 3067 temptaueram:
807 3030 860 3059 secl
883 3029 1032 3059 cantilena
1057 3029 1140 3058 breui
1162 3038 1231 3058 usus
1259 3025 1415 3063 ἐπιείκιως
1439 3029 1470 3058 in
1494 3038 1526 3057 eo
1551 3032 1610 3058 etc.
1645 3029 1728 3059 conf.
1763 3029 1847 3058 infra
1876 3029 1929 3065 IV,

112 3083 140 3118 3,
168 3083 224 3113 24:
251 3081 394 3119 ἐπιεὶκως
417 3085 445 3113 εἰ
462 3085 564 3122 placet
579 3084 685 3114 intulit.
705 3085 750 3120 Q:
782 3085 840 3114 “In
857 3086 978 3114 litteris
1004 3086 1068 3114 illis
1087 3085 1212 3123 graecis
1231 3086 1308 3122 quid
1326 3086 1425 3114 lateat
1449 3094 1512 3114 non
1537 3085 1709 3114 adsecutus
1728 3103 1769 3106 —
1788 3086 1933 3114 lacunam

112 3138 255 3174 signaui3
292 3139 363 3168 fort.
389 3140 485 3169 etiam
512 3141 604 3169 scrib.
629 3139 683 3169 sed
705 3140 851 3179 seyng'ficat
873 3149 980 3169 scenae
1003 3140 1102 3169 breuis
1132 3141 1268 3169 uersus.''
1333 3141 1391 3179 30)
1424 3141 1537 3178 loquor
1567 3140 1603 3169 R.
1636 3141 1705 3170 rell.
1737 3141 1859 3178 loquar,
1898 3144 1934 3169 ut

112 3201 196 3221 omn.
224 3192 289 3222 fere
312 3198 376 3223 uet.
403 3196 492 3224 codd.
519 3196 594 3225 Hor.
621 3199 747 3233 praeter
771 3195 847 3225 DIO
874 3196 967 3225 Bern.
994 3195 1020 3224 A
1047 3199 1106 3225 ete.
1167 3195 1224 3235 31)
1252 3196 1338 3226 Ordo
1364 3200 1412 3225 est
1438 3205 1497 3225 om.
1524 3196 1594 3226 MR.

1193 3288 1209 3296 n

1943 1013 1980 1043 10

1944 1375 1980 1405 15

1949 2103 1967 2133 k»)

1974 2103 1991 2132 vx

1954 2464 1995 2495 30
