2170 3460
908 242 952 273 IN
973 242 1116 273 CARM.
1143 243 1203 280 111,
1232 246 1259 274 τ.
1908 238 1987 277 297

902 363 1260 406 PORPHYRION.

286 437 393 488 Qw'cl
419 437 459 492 fl.
494 437 680 479 Asteriae.
739 435 836 476 Hac
868 435 946 477 ode
978 436 1214 477 consolatur
1244 436 1433 477 Puellam
1467 437 1674 479 desiderio
1706 441 1897 497 coniugis
1928 442 1990 482 sui

168 518 382 559 maestam,
415 515 455 549 et
485 508 608 550 simul
639 516 791 557 monet,
824 523 875 548 ne
907 508 1082 549 alieuius
1104 509 1383 551 adulescentis
1406 509 1620 552 blanditiis
1651 520 1719 552 aut
1742 514 1880 567 speeie
1903 514 1991 568 ipse

169 582 371 637 capiatur,
403 588 441 622 et
469 589 527 623 est
559 581 683 622 ordo:
717 580 833 633 Quid
866 581 950 631 fles,
982 581 1164 632 Asterie,
1199 581 1367 638 Gygen,
1400 598 1522 637 quem
1555 584 1630 624 tibi
1663 586 1875 627 restituent
1908 586 1991 627 Fa-

167 656 281 698 uonii
313 656 449 711 primo
480 670 591 704 uere,
623 654 776 709 Thyna
807 669 944 696 meree
977 655 1170 696 beatum?

280 730 317 770 3.
355 729 492 785 Thyna
526 743 651 769 merce
682 728 847 769 beatum.
920 727 1093 782 Bithyni
1126 729 1254 769 iuneti
1294 737 1385 770 sunt
1418 729 1593 784 Thynis,
1640 739 1814 785 utraque
1855 739 1990 772 autem

169 816 272 858 gens
302 802 438 843 Ponto
470 801 645 843 confinis
676 809 747 842 est.

280 877 315 915 (3.
348 876 414 916 ille
445 877 547 916 nolis
579 891 614 915 (1.
675 875 787 917 Noas
818 889 892 928 pro
924 874 1179 928 quibuslibet
1211 875 1345 915 uentis
1377 876 1532 916 (lictum
1566 885 1638 917 est.

275 957 376 1005 post.
407 951 482 990 ins.
519 949 612 1005 Cap.
644 949 724 989 SM.
786 947 959 989 Haedos
990 947 1156 988 uidetur
1187 947 1438 1001 significare,
1472 965 1647 1003 quorum
1680 956 1793 991 ortus
1815 957 1855 990 et
1870 965 1991 991 ocea—

166 1037 234 1064 sus
264 1022 474 1063 concitant
503 1029 782 1076 tempestates.
842 1021 1007 1063 Horum
1039 1028 1079 1061 et
1119 1022 1228 1075 l'ery.
1265 1021 1338 1075 (A.
1362 1020 1443 1068 IX,
1469 1024 1568 1075 sios)
1609 1023 1797 1063 meminit
1827 1023 1988 1064 dicens:

171 1098 354 1147 Quantus
386 1096 433 1137 ab
466 1110 610 1137 occasu
646 1097 806 1137 ueniens
830 1095 1069 1150 pletuctle'bus
1104 1095 1252 1136 Haedis
1291 1095 1478 1135 Verbera!
1508 1096 1631 1135 imber
1661 1096 1837 1137 humum.

278 1170 461 1224 frz'qe'clas.
523 1168 698 1223 Duplici
730 1168 854 1210 modo
885 1168 1043 1223 accipe,
1090 1175 1129 1209 et
1160 1174 1332 1223 propter
1363 1167 1557 1218 hiemem,
1603 1184 1686 1222 qua
1717 1184 1893 1224 peregre
1924 1185 1990 1210 re-

164 1243 330 1292 tinetur,
364 1250 403 1283 et
433 1249 606 1297 propter
637 1241 917 1283 solitudinem.

279 1316 315 1356 9.
348 1317 459 1371 alqui
486 1316 574 1357 soll.
605 1330 642 1356 τι.
674 1315 709 1355 le.
755 1314 871 1356 Dicit
897 1312 1052 1369 Gygen
1084 1313 1136 1354 ab
1168 1314 1332 1369 hospita
1351 1312 1483 1355 Chloe
1515 1315 1647 1356 amari
1679 1322 1716 1355 et
1739 1315 1791 1357 ab
1814 1330 1863 1356 ca
1884 1331 1991 1356 nun-

164 1388 264 1429 tiam
296 1388 450 1430 amoris
481 1388 534 1429 ad
565 1403 658 1429 eun]
690 1387 811 1428 mitti.

279 1463 342 1503 10.
377 1463 440 1502 11.
474 1470 508 1502 et
538 1463 621 1503 mis.
652 1469 676 1502 t.
708 1462 744 1502 d.
776 1462 826 1515 iq.
866 1475 905 1501 u.
986 1462 1080 1502 Tw's
1112 1462 1279 1515 (quibus,
1325 1461 1472 1511 quibus
1512 1469 1555 1502 tu
1596 1462 1688 1516 ipsa
1726 1462 1859 1503 ureris
1901 1462 1924 1502 i.
1957 1477 1990 1502 e.

164 1534 303 1576 mariti
335 1534 393 1576 tui
425 1549 579 1575 amore.

278 1609 342 1648 12.
375 1616 537 1664 temptat
567 1622 616 1648 m.
647 1623 686 1649 u.
718 1622 767 1648 m.
830 1606 963 1648 Vafer
993 1607 1175 1656 nuntius,
1208 1607 1251 1648 id
1283 1614 1356 1658 est,
1389 1608 1566 1650 callidus
1597 1609 1650 1650 ad
1682 1608 1954 1650 suadendum.

278 1682 341 1722 13.
373 1689 416 1722 ul
450 1682 633 1722 I’roelum
657 1682 751 1722 mul.
768 1682 875 1736 perf.
899 1681 1004 1722 cred.
1052 1678 1362 1723 Sthenoboeam
1385 1682 1607 1738 signifieat,
1640 1682 1782 1723 Proeti
1805 1697 1990 1729 uxorein,

164 1769 270 1809 quae
286 1753 655 1809 Bellerophontem
686 1754 893 1808 hospitem
924 1753 1094 1804 amauit,
1126 1760 1166 1794 et
1196 1771 1277 1797 non
1301 1756 1627 1797 consentientem
1659 1755 1739 1797 sibi
1764 1755 1844 1812 [ut]
1870 1756 1990 1797 adul—

164 1836 299 1870 terum
331 1827 552 1869 criminata
583 1835 656 1869 est.

275 1909 483 1943 maturare
513 1917 552 1944 u.
588 1917 621 1942 r.
694 1900 877 1942 Nuntius
909 1900 1067 1942 seilicet
1101 1900 1219 1958 Gygi
1250 1903 1480 1954 historiam,
1528 1919 1609 1958 qua
1644 1902 1993 1958 Bellerophontes

163 1974 434 2030 periclitatus,
466 1974 656 2024 ostendit,
704 1973 815 2029 quod
846 1974 1036 2029 hospitae
1068 1975 1111 2015 in
1141 1990 1327 2017 amorem
1358 1992 1440 2017 non
1483 1977 1748 2027 consentiret,
1796 1976 1991 2030 (eonsen-

163 2047 275 2098 serit,
306 2055 349 2088 ut
361 2049 398 2103 22)
430 2063 506 2103 per
536 2047 775 2102 exemplum
806 2062 901 2088 eum
932 2054 1098 2097 terreat,
1132 2064 1183 2090 ne
1214 2049 1326 2090 idem
1357 2056 1397 2091 et
1428 2050 1517 2104 ipse
1549 2051 1741 2105 patiatur.

278 2122 342 2162 18.
375 2122 631 2177 Maynessam
662 2121 780 2177 lle'pp.
812 2121 848 2162 d.
878 2123 906 2175 s.
942 2137 978 2162 (1.
1038 2121 1157 2163 Haec
1188 2131 1262 2173 est,
1294 2138 1400 2178 quae
1440 2131 1570 2179 nupta
1608 2124 1733 2165 fuisse
1770 2123 1990 2178 Eurypylo

163 2193 353 2235 traditur.

277 2269 342 2308 19.
374 2276 409 2309 et
431 2283 539 2324 pecc.
573 2268 744 2309 docentis
778 2270 807 2322 s.
839 2268 1025 2310 hals-corias
1061 2278 1200 2311 monet.
1279 2268 1628 2312 Subaudiendum
1666 2280 1700 2312 et
1739 2271 1853 2321 alias,
1894 2270 1991 2325 quia

163 2348 203 2381 et
232 2341 324 2391 hae,
359 2355 461 2395 quas
494 2356 621 2396 supra
652 2341 822 2391 rettulit,
856 2341 1007 2383 docent
1037 2356 1226 2397 peccare.

276 2445 429 2475 PORPH.
481 2446 551 2475 Ode
576 2446 688 2475 LXXI.
716 2446 751 2475 lt.
799 2446 848 2475 Ad
874 2447 1008 2475 asterien
1036 2447 1078 2475 M.
1111 2447 1195 2483 Quid
1223 2448 1278 2475 sse>-
1304 2449 1425 2478 asteria
1444 2449 1475 2477 M
1502 2449 1533 2478 in
1561 2450 1665 2477 lemni.
1695 2449 1747 2477 flos
1775 2458 1808 2477 rv
1837 2449 1866 2477 in
1887 2448 1989 2476 lemni.

164 2501 249 2537 Quid
275 2503 304 2531 fl.
330 2503 467 2532 asteriae
492 2503 518 2531 Γ»
542 2503 573 2531 in
599 2501 720 2540 lennns⁴
740 2503 808 2532 rell.
837 2502 960 2532 asteria.
1002 2500 1070 2544 (υὸη
1096 2504 1139 2533 Μ.
1191 2505 1225 2542 3)
1252 2510 1383 2534 mestam
1409 2505 1451 2533 M.
1583 2506 1667 2534 adul.
1694 2505 1736 2533 Μ.
1788 2522 1792 2523 ⁷
1815 2522 1826 2523 a
1876 2504 1991 2541 spetiae

162 2558 206 2587 M.
255 2560 290 2596 4)
318 2559 444 2596 asperia
471 2557 548 2597 (sie)
574 2559 615 2587 M.
653 2560 773 2588 asteria
798 2558 926 2597 gigen‘?
953 2559 989 2588 R.
1032 2561 1131 2598 gigen
1158 2560 1201 2590 M.
1244 2562 1320 2598 54·ng
1346 2572 1392 2590 rv.
1443 2562 1476 2599 ὃ)
1505 2562 1640 2601 'l'hynna
1658 2561 1756 2597 Mylai.
1785 2561 1876 2590 thina
1903 2560 1990 2596 IUV-

163 2614 279 2653 Thyna
304 2614 348 2644 fh.
391 2615 520 2644 Lemma
545 2615 636 2652 posui
664 2625 733 2644 eum
760 2615 827 2644 MR.
857 2616 924 2644 rell.
952 2626 1013 2646 om.
1057 2617 1176 2645 Bitlu'ni
1204 2617 1247 2646 M.
1288 2619 1399 2656 thynis'
1426 2617 1459 2646 M
1486 2619 1515 2646 h.
1543 2619 1562 2646 l.
1610 2617 1698 2647 Thin&
1734 2618 1774 2645 iu.
1802 2627 1848 2645 su.
1882 2616 1990 2644 thimis

162 2670 198 2700 R.
239 2670 384 2700 Bitliz'nm'
396 2688 435 2691 ——
457 2672 578 2701 thinnis
606 2681 629 2700 r.
670 2672 791 2711 Bytimi
810 2673 965 2701 —tliinis
991 2683 1020 2701 v.
1063 2673 1200 2712 Bithyni
1305 2674 1432 2713 Thynis
1459 2684 1485 2703 a.
1551 2674 1586 2711 8)
1621 2673 1679 2702 Ille
1705 2674 1786 2702 notis
1814 2682 1840 2701 a.
1868 2682 1895 2701 a.
1923 2682 1991 2710 ory—

163 2736 234 2756 eum
258 2727 301 2756 M.
343 2726 453 2756 dictum
477 2727 548 2757 MR.
582 2728 650 2756 rell.
677 2729 850 2766 peregrini.
892 2730 1048 2758 retinetur
1072 2730 1115 2758 M.
1143 2730 1211 2759 rell.
1239 2731 1426 2760 retinentur.
1479 2730 1533 2768 14)
1561 2731 1626 2767 gig.
1654 2731 1682 2758 h.
1725 2733 1809 2758 nnnl.
1837 2729 1879 2758 M.
1936 2730 1988 2767 1⁴3)

161 2787 198 2813 tu
224 2784 294 2821 ipsa
318 2783 411 2812 Mna
439 2784 506 2812 rell.
535 2785 605 2822 ipsa
631 2788 676 2813 tu.
729 2784 783 2822 17)
811 2784 963 2814 amoribus
988 2785 1022 2814 R.
1059 2786 1097 2814 ef.
1124 2786 1196 2815 Aer.
1250 2787 1304 2825 18)
1331 2787 1451 2816 calidus
1478 2787 1508 2816 h.
1540 2787 1608 2815 rell.
1636 2785 1703 2815 eall.
1734 2787 1771 2814 es.
1804 2785 1878 2813 Aer.
1932 2785 1988 2822 19)

164 2839 349 2869 sthenehian
372 2839 415 2868 M.
444 2839 638 2870 schenebiam
664 2841 700 2869 R.
727 2841 928 2870 stheneheam
954 2842 983 2870 2.
1011 2840 1221 2870 Schenoheam
1248 2852 1293 2871 rv.
1321 2842 1546 2871 Stlcenoboeam
1572 2852 1599 2870 a.
1627 2846 1722 2870 reete.
1749 2842 1786 2870 et'.
1814 2841 1885 2869 Aer.
1912 2845 1989 2870 sien.

162 2895 208 2925 fh.
252 2897 350 2934 praeti
369 2913 401 2916 --
424 2899 566 2933 praetum
593 2906 637 2925 rv.
669 2896 813 2927 bellet-of.
839 2897 928 2934 A,rv.
980 2896 1036 2936 20)
1063 2907 1125 2927 non
1151 2908 1211 2927 om.
1238 2898 1283 2927 fh.
1312 2916 1322 2918 -
1379 2902 1411 2927 ut
1454 2898 1529 2932 shQ.
1557 2898 1623 2927 rell.
1651 2908 1711 2927 oni.
1777 2898 1833 2936 22)
1867 2898 1989 2927 scilieet

162 2952 227 2981 M2.
266 2970 305 2973 Α·
343 2952 488 2982 hellerof.
514 2953 555 2981 M.
605 2954 663 2991 23)
689 2955 875 2983 ostenditur
906 2954 1028 2991 M2R‚r.
1079 2972 1116 2975 -—-
1168 2955 1400 2984 consentiretur
1426 2954 1518 2982 Mlt2.
1557 2955 1711 2992 hospitem
1735 2963 1872 2983 amorem
1900 2964 1923 2982 ι’.
1960 2954 1991 2982 in

163 3008 321 3046 hospitem
344 3009 374 3038 in
400 3018 463 3038 ain.
490 3009 524 3038 R.
574 3010 631 3048 24)
664 3019 719 3047 pei·
744 3019 870 3048 exemp.
897 3015 1013 3040 terreat
1037 3020 1101 3040 eum
1126 3011 1220 3039 MRQ.
1263 3021 1331 3039 eum
1359 3014 1460 3039 terret.
1488 3011 1553 3039 Nee
1579 3020 1603 3039 r.
1647 3020 1716 3039 eum
1741 3014 1851 3039 terret.
1877 3011 1925 3039 Ne
1950 3020 1990 3039 va

164 3063 188 3101 (‚
215 3065 283 3103 ne).
324 3074 395 3094 eum
421 3069 550 3101 terrem,
578 3075 617 3094 ne
643 3066 718 3101 th.
759 3066 823 3096 Aut
852 3067 949 3105 lege:
977 3068 1059 3105 quod
1087 3085 1127 3087 *—
1154 3077 1217 3096 non
1244 3066 1447 3102 consens-evil,
1480 3070 1507 3095 σι
1598 3070 1703 3103 terret,
1738 3070 1811 3096 aut:
1839 3067 1923 3104 quod
1949 3084 1963 3087 Ν

164 3129 226 3150 non
253 3121 452 3157 consenserit,
478 3126 511 3150 ut
532 3126 659 3151 terreae.
711 3122 767 3161 25)
794 3122 999 3161 Magnessam
1024 3123 1067 3152 M.
1100 3132 1287 3160 tnagnesam
1313 3132 1358 3152 rv.
1402 3122 1510 3161 Hypp.
1537 3123 1579 3151 M.
1622 3132 1760 3162 eurypyo
1786 3123 1829 3153 M.
1872 3123 1990 3160 euripi«)

164 3175 199 3204 R.
227 3177 370 3215 eurypilo
396 3187 441 3207 rv.
466 3173 664 3219 Ἐυρύπυλος
688 3188 734 3215 gr.
762 3179 942 3218 Euriphylo
969 3189 996 3209 a.
1047 3181 1104 3217 27)
1131 3183 1237 3208 monet
1262 3180 1306 3215 M.
1333 3183 1365 3207 ut
1392 3188 1476 3208 omn.
1502 3179 1595 3209 Bern.
1625 3179 1666 3217 (13
1694 3180 1723 3208 h.
1743 3190 1772 3209 o.
1797 3179 1989 3217 nonhabet)

164 3242 245 3261 omn.
272 3238 349 3262 uett.
378 3234 495 3264 Pariss.
522 3240 648 3272 praeter
674 3235 734 3277 ΙΞ-φ,
761 3236 814 3273 qui
841 3236 913 3266 hab.
940 3237 1096 3274 glossam:
1124 3246 1164 3266 sc.
1190 3235 1281 3265 illum.
1324 3236 1349 3265 E
1376 3245 1437 3266 non
1463 3236 1535 3265 hab.
1562 3241 1686 3273 mouet,
1724 3242 1752 3265 ut
1783 3236 1915 3265 I’ottier.
1942 3244 1988 3263 re-

2024 1035 2058 1064 Ιιι

2018 1767 2035 1795 ’,2
2040 1767 2058 1796 t)
