<?xml version="1.0" encoding="UTF-8"?>
<!DOCTYPE html PUBLIC "-//W3C//DTD XHTML 1.0 Transitional//EN"
    "http://www.w3.org/TR/xhtml1/DTD/xhtml1-transitional.dtd">
<html xmlns="http://www.w3.org/1999/xhtml" xml:lang="en" lang="en">
 <head>
  <title>
</title>
<meta http-equiv="Content-Type" content="text/html;charset=utf-8" />
  <meta name='ocr-system' content='tesseract 3.04.00' />
  <meta name='ocr-capabilities' content='ocr_page ocr_carea ocr_par ocr_line ocrx_word'/>
</head>
<body>
  <div class='ocr_page' id='page_1' title='image "acronisetporphyr01pseuuoft_0515.png"; bbox 0 0 2283 3535; ppageno 0'>
   <div class='ocr_carea' id='block_1_1' title="bbox 770 223 1867 262">
    <p class='ocr_par' dir='ltr' id='par_1_1' title="bbox 770 223 1867 262">
     <span class='ocr_line' id='line_1_1' title="bbox 770 223 1867 262; baseline 0.003 -4"><span class='ocrx_word' id='word_1_1' title='bbox 770 227 816 258; x_wconf 73' lang='lat' dir='ltr'>m</span> <span class='ocrx_word' id='word_1_2' title='bbox 843 228 976 259; x_wconf 67' lang='lat' dir='ltr'>neon.</span> <span class='ocrx_word' id='word_1_3' title='bbox 1002 229 1063 262; x_wconf 79' lang='lat' dir='ltr'>ix.</span> <span class='ocrx_word' id='word_1_4' title='bbox 1091 230 1133 261; x_wconf 84' lang='lat' dir='ltr'>x.</span> <span class='ocrx_word' id='word_1_5' title='bbox 1787 223 1867 262; x_wconf 70' lang='lat'>489</span> 
     </span>
    </p>
   </div>
   <div class='ocr_carea' id='block_1_2' title="bbox 39 347 1934 2157">
    <p class='ocr_par' dir='ltr' id='par_1_2' title="bbox 163 347 1619 406">
     <span class='ocr_line' id='line_1_2' title="bbox 163 347 1619 406; baseline 0.005 -20"><span class='ocrx_word' id='word_1_6' title='bbox 163 347 198 387; x_wconf 88' lang='lat'>1.</span> <span class='ocrx_word' id='word_1_7' title='bbox 232 347 331 388; x_wconf 80' lang='lat' dir='ltr'>alite.</span> <span class='ocrx_word' id='word_1_8' title='bbox 392 349 470 389; x_wconf 78' lang='lat' dir='ltr'>llic</span> <span class='ocrx_word' id='word_1_9' title='bbox 502 355 540 389; x_wconf 84' lang='lat' dir='ltr'>ct</span> <span class='ocrx_word' id='word_1_10' title='bbox 570 349 668 390; x_wconf 84' lang='lat' dir='ltr'>haec</span> <span class='ocrx_word' id='word_1_11' title='bbox 698 350 793 390; x_wconf 79' lang='lat' dir='ltr'>ales.</span> <span class='ocrx_word' id='word_1_12' title='bbox 852 349 906 389; x_wconf 81' lang='lat' dir='ltr'>Et</span> <span class='ocrx_word' id='word_1_13' title='bbox 937 349 1005 390; x_wconf 92' lang='lat' dir='ltr'>hic</span> <span class='ocrx_word' id='word_1_14' title='bbox 1036 365 1112 404; x_wconf 88' lang='lat' dir='ltr'>pro</span> <span class='ocrx_word' id='word_1_15' title='bbox 1142 353 1317 406; x_wconf 71' lang='lat' dir='ltr'>auspicio</span> <span class='ocrx_word' id='word_1_16' title='bbox 1349 353 1486 406; x_wconf 77' lang='lat' dir='ltr'>posuit</span> <span class='ocrx_word' id='word_1_17' title='bbox 1516 354 1619 394; x_wconf 83' lang='lat' dir='ltr'>alite.</span> 
     </span>
    </p>

    <p class='ocr_par' dir='ltr' id='par_1_3' title="bbox 47 420 1868 534">
     <span class='ocr_line' id='line_1_3' title="bbox 160 420 1868 480; baseline 0.005 -20"><span class='ocrx_word' id='word_1_18' title='bbox 160 421 196 460; x_wconf 80' lang='grc'>2.</span> <span class='ocrx_word' id='word_1_19' title='bbox 229 420 403 461; x_wconf 77' lang='lat' dir='ltr'>olentem.</span> <span class='ocrx_word' id='word_1_20' title='bbox 463 420 698 470; x_wconf 83' lang='lat' dir='ltr'>Putentem‚</span> <span class='ocrx_word' id='word_1_21' title='bbox 744 430 788 462; x_wconf 88' lang='lat' dir='ltr'>ut</span> <span class='ocrx_word' id='word_1_22' title='bbox 820 421 884 475; x_wconf 76' lang='grc' dir='ltr'>(Β.</span> <span class='ocrx_word' id='word_1_23' title='bbox 918 421 973 471; x_wconf 81' lang='lat' dir='ltr'>Il,</span> <span class='ocrx_word' id='word_1_24' title='bbox 1009 422 1100 476; x_wconf 87' lang='lat'><strong>11):</strong></span> <span class='ocrx_word' id='word_1_25' title='bbox 1149 424 1240 464; x_wconf 82' lang='lat' dir='ltr'>Alia</span> <span class='ocrx_word' id='word_1_26' title='bbox 1272 426 1555 480; x_wconf 65' lang='lat' dir='ltr'>.s¹et·pillamqae</span> <span class='ocrx_word' id='word_1_27' title='bbox 1591 427 1732 467; x_wconf 73' lang='lat' dir='ltr'>herbas</span> <span class='ocrx_word' id='word_1_28' title='bbox 1764 442 1868 468; x_wconf 67' lang='lat' dir='ltr'>(ron—</span> 
     </span>
     <span class='ocr_line' id='line_1_4' title="bbox 47 493 358 534; baseline 0.003 -2"><span class='ocrx_word' id='word_1_29' title='bbox 47 493 178 533; x_wconf 73' lang='lat' dir='ltr'>tundit</span> <span class='ocrx_word' id='word_1_30' title='bbox 207 493 358 534; x_wconf 75' lang='lat' dir='ltr'>olentes.</span> 
     </span>
    </p>

    <p class='ocr_par' dir='ltr' id='par_1_4' title="bbox 47 564 1933 681">
     <span class='ocr_line' id='line_1_5' title="bbox 158 564 1868 624; baseline 0.005 -19"><span class='ocrx_word' id='word_1_31' title='bbox 158 566 376 607; x_wconf 71' lang='lat' dir='ltr'>Maeuium.</span> <span class='ocrx_word' id='word_1_32' title='bbox 437 564 505 606; x_wconf 91' lang='lat' dir='ltr'>De</span> <span class='ocrx_word' id='word_1_33' title='bbox 538 580 619 620; x_wconf 87' lang='lat' dir='ltr'>quo</span> <span class='ocrx_word' id='word_1_34' title='bbox 651 573 689 606; x_wconf 86' lang='lat' dir='ltr'>ct</span> <span class='ocrx_word' id='word_1_35' title='bbox 730 568 838 621; x_wconf 73' lang='lat' dir='ltr'>l&#39;erq.</span> <span class='ocrx_word' id='word_1_36' title='bbox 870 566 918 608; x_wconf 88' lang='lat' dir='ltr'>B.</span> <span class='ocrx_word' id='word_1_37' title='bbox 950 567 1029 617; x_wconf 90' lang='lat' dir='ltr'><strong>III,</strong></span> <span class='ocrx_word' id='word_1_38' title='bbox 1063 569 1157 624; x_wconf 83' lang='lat'><strong>90):</strong></span> <span class='ocrx_word' id='word_1_39' title='bbox 1211 571 1292 620; x_wconf 77' lang='lat' dir='ltr'>Qui</span> <span class='ocrx_word' id='word_1_40' title='bbox 1331 571 1504 611; x_wconf 75' lang='lat' dir='ltr'>Bauium</span> <span class='ocrx_word' id='word_1_41' title='bbox 1544 585 1583 610; x_wconf 74' lang='lat'>⁷1.</span> <span class='ocrx_word' id='word_1_42' title='bbox 1623 587 1656 612; x_wconf 89' lang='grc' dir='ltr'>ο.</span> <span class='ocrx_word' id='word_1_43' title='bbox 1696 588 1731 612; x_wconf 86' lang='lat' dir='ltr'>a.</span> <span class='ocrx_word' id='word_1_44' title='bbox 1773 581 1796 613; x_wconf 82' lang='lat' dir='ltr'>l.</span> <span class='ocrx_word' id='word_1_45' title='bbox 1837 590 1868 613; x_wconf 84' lang='lat'>‹·.</span> 
     </span>
     <span class='ocr_line' id='line_1_6' title="bbox 47 638 1933 681; baseline 0.002 -3"><span class='ocrx_word' id='word_1_46' title='bbox 47 638 196 678; x_wconf 82' lang='lat' dir='ltr'>Mae-ai.</span> <span class='ocrx_word' id='word_1_47' title='bbox 1916 655 1933 681; x_wconf 62' lang='grc' dir='ltr'>ἵ»</span> 
     </span>
    </p>

    <p class='ocr_par' dir='ltr' id='par_1_5' title="bbox 161 710 1632 771">
     <span class='ocr_line' id='line_1_7' title="bbox 161 710 1632 771; baseline 0.004 -21"><span class='ocrx_word' id='word_1_48' title='bbox 161 712 199 750; x_wconf 83' lang='grc'>4.</span> <span class='ocrx_word' id='word_1_49' title='bbox 235 713 378 751; x_wconf 67' lang='lat' dir='ltr'>Auster</span> <span class='ocrx_word' id='word_1_50' title='bbox 409 726 458 751; x_wconf 79' lang='lat' dir='ltr'>m.</span> <span class='ocrx_word' id='word_1_51' title='bbox 486 712 525 766; x_wconf 79' lang='lat' dir='ltr'>sl.</span> <span class='ocrx_word' id='word_1_52' title='bbox 585 710 895 765; x_wconf 79' lang='lat' dir='ltr'>Tempestatcm</span> <span class='ocrx_word' id='word_1_53' title='bbox 928 713 1169 768; x_wconf 85' lang='lat' dir='ltr'>inprecatur</span> <span class='ocrx_word' id='word_1_54' title='bbox 1198 713 1369 756; x_wconf 85' lang='lat' dir='ltr'>Maeuio</span> <span class='ocrx_word' id='word_1_55' title='bbox 1401 715 1632 771; x_wconf 82' lang='lat' dir='ltr'>nauiganti.</span> 
     </span>
    </p>

    <p class='ocr_par' dir='ltr' id='par_1_6' title="bbox 159 783 969 839">
     <span class='ocr_line' id='line_1_8' title="bbox 159 783 969 839; baseline 0.002 -15"><span class='ocrx_word' id='word_1_56' title='bbox 159 784 194 823; x_wconf 84' lang='grc'>6.</span> <span class='ocrx_word' id='word_1_57' title='bbox 226 798 354 825; x_wconf 59' lang='lat' dir='ltr'>‘remos</span> <span class='ocrx_word' id='word_1_58' title='bbox 387 785 557 839; x_wconf 78' lang='lat' dir='ltr'>differat.</span> <span class='ocrx_word' id='word_1_59' title='bbox 620 783 801 826; x_wconf 74' lang='lat' dir='ltr'>Cessare</span> <span class='ocrx_word' id='word_1_60' title='bbox 832 786 969 826; x_wconf 81' lang='lat' dir='ltr'>faciat.</span> 
     </span>
    </p>

    <p class='ocr_par' dir='ltr' id='par_1_7' title="bbox 156 856 1689 913">
     <span class='ocr_line' id='line_1_9' title="bbox 156 856 1689 913; baseline 0.005 -17"><span class='ocrx_word' id='word_1_61' title='bbox 156 857 352 898; x_wconf 72' lang='lat' dir='ltr'>montibus</span> <span class='ocrx_word' id='word_1_62' title='bbox 385 857 488 898; x_wconf 73' lang='lat' dir='ltr'>allis.</span> <span class='ocrx_word' id='word_1_63' title='bbox 552 856 637 908; x_wconf 79' lang='lat' dir='ltr'>Qui</span> <span class='ocrx_word' id='word_1_64' title='bbox 669 858 816 899; x_wconf 90' lang='lat' dir='ltr'>maiori</span> <span class='ocrx_word' id='word_1_65' title='bbox 849 859 1085 913; x_wconf 79' lang='lat' dir='ltr'>tempestati</span> <span class='ocrx_word' id='word_1_66' title='bbox 1116 860 1331 901; x_wconf 83' lang='lat' dir='ltr'>subiacent</span> <span class='ocrx_word' id='word_1_67' title='bbox 1364 861 1582 902; x_wconf 82' lang='lat' dir='ltr'>altitudine</span> <span class='ocrx_word' id='word_1_68' title='bbox 1614 862 1689 903; x_wconf 85' lang='lat' dir='ltr'>sui.</span> 
     </span>
    </p>

    <p class='ocr_par' dir='ltr' id='par_1_8' title="bbox 157 928 1305 975">
     <span class='ocr_line' id='line_1_10' title="bbox 157 928 1305 975; baseline 0.002 -4"><span class='ocrx_word' id='word_1_69' title='bbox 157 931 193 971; x_wconf 83' lang='lat'>8.</span> <span class='ocrx_word' id='word_1_70' title='bbox 228 938 446 971; x_wconf 73' lang='lat' dir='ltr'>trementes.</span> <span class='ocrx_word' id='word_1_71' title='bbox 509 928 753 972; x_wconf 85' lang='lat' dir='ltr'>Commotas</span> <span class='ocrx_word' id='word_1_72' title='bbox 784 938 823 972; x_wconf 84' lang='lat' dir='ltr'>ct</span> <span class='ocrx_word' id='word_1_73' title='bbox 853 931 896 971; x_wconf 91' lang='lat' dir='ltr'>ui</span> <span class='ocrx_word' id='word_1_74' title='bbox 926 932 1040 973; x_wconf 89' lang='lat' dir='ltr'>uenti</span> <span class='ocrx_word' id='word_1_75' title='bbox 1072 932 1305 975; x_wconf 83' lang='lat' dir='ltr'>inclinatas.</span> 
     </span>
    </p>

    <p class='ocr_par' dir='ltr' id='par_1_9' title="bbox 43 1004 1934 1137">
     <span class='ocr_line' id='line_1_11' title="bbox 157 1004 1934 1062; baseline 0.003 -19"><span class='ocrx_word' id='word_1_76' title='bbox 157 1004 193 1043; x_wconf 80' lang='lat'>9.</span> <span class='ocrx_word' id='word_1_77' title='bbox 228 1018 297 1044; x_wconf 73' lang='lat' dir='ltr'>nee</span> <span class='ocrx_word' id='word_1_78' title='bbox 328 1005 438 1044; x_wconf 64' lang='lat' dir='ltr'>sidus</span> <span class='ocrx_word' id='word_1_79' title='bbox 470 1012 559 1045; x_wconf 80' lang='lat' dir='ltr'>alra</span> <span class='ocrx_word' id='word_1_80' title='bbox 592 1013 713 1046; x_wconf 77' lang='lat' dir='ltr'>noete.</span> <span class='ocrx_word' id='word_1_81' title='bbox 773 1004 922 1059; x_wconf 79' lang='lat' dir='ltr'>Nigra,</span> <span class='ocrx_word' id='word_1_82' title='bbox 954 1006 1043 1046; x_wconf 89' lang='lat' dir='ltr'>sine</span> <span class='ocrx_word' id='word_1_83' title='bbox 1074 1006 1209 1047; x_wconf 86' lang='lat' dir='ltr'>amico</span> <span class='ocrx_word' id='word_1_84' title='bbox 1232 1007 1530 1062; x_wconf 82' lang='lat' dir='ltr'>nauigantibus</span> <span class='ocrx_word' id='word_1_85' title='bbox 1552 1009 1675 1050; x_wconf 82' lang='lat' dir='ltr'>lunae</span> <span class='ocrx_word' id='word_1_86' title='bbox 1697 1010 1865 1060; x_wconf 86' lang='lat' dir='ltr'>lumine,</span> <span class='ocrx_word' id='word_1_87' title='bbox 1899 1017 1934 1048; x_wconf 87' lang='lat'>10</span> 
     </span>
     <span class='ocr_line' id='line_1_12' title="bbox 43 1075 1697 1137; baseline 0.005 -21"><span class='ocrx_word' id='word_1_88' title='bbox 43 1075 121 1117; x_wconf 91' lang='lat' dir='ltr'>hoc</span> <span class='ocrx_word' id='word_1_89' title='bbox 151 1083 224 1124; x_wconf 78' lang='lat' dir='ltr'>est,</span> <span class='ocrx_word' id='word_1_90' title='bbox 257 1091 474 1131; x_wconf 86' lang='lat' dir='ltr'>prospero,</span> <span class='ocrx_word' id='word_1_91' title='bbox 506 1085 548 1117; x_wconf 83' lang='lat' dir='ltr'>ut</span> <span class='ocrx_word' id='word_1_92' title='bbox 582 1077 655 1133; x_wconf 89' lang='lat' dir='ltr'>(A.</span> <span class='ocrx_word' id='word_1_93' title='bbox 688 1077 787 1127; x_wconf 88' lang='lat' dir='ltr'><strong>VII,</strong></span> <span class='ocrx_word' id='word_1_94' title='bbox 821 1081 844 1120; x_wconf 80' lang='lat'>8</span> <span class='ocrx_word' id='word_1_95' title='bbox 877 1094 885 1117; x_wconf 91' lang='lat'><strong>:</strong></span> <span class='ocrx_word' id='word_1_96' title='bbox 917 1094 988 1120; x_wconf 72' lang='lat' dir='ltr'>nee</span> <span class='ocrx_word' id='word_1_97' title='bbox 1019 1080 1194 1120; x_wconf 80' lang='lat' dir='ltr'>eandida</span> <span class='ocrx_word' id='word_1_98' title='bbox 1227 1095 1389 1121; x_wconf 60' lang='lat' dir='ltr'>camum</span> <span class='ocrx_word' id='word_1_99' title='bbox 1424 1083 1538 1123; x_wconf 79' lang='lat' dir='ltr'>Lana</span> <span class='ocrx_word' id='word_1_100' title='bbox 1568 1092 1697 1137; x_wconf 72' lang='lat' dir='ltr'>neyat.</span> 
     </span>
    </p>

    <p class='ocr_par' dir='ltr' id='par_1_10' title="bbox 42 1151 1866 1281">
     <span class='ocr_line' id='line_1_13' title="bbox 158 1151 1866 1212; baseline 0.005 -23"><span class='ocrx_word' id='word_1_101' title='bbox 158 1151 221 1189; x_wconf 80' lang='lat'>10.</span> <span class='ocrx_word' id='word_1_102' title='bbox 259 1152 349 1200; x_wconf 76' lang='lat' dir='ltr'>Qua</span> <span class='ocrx_word' id='word_1_103' title='bbox 383 1151 509 1191; x_wconf 71' lang='lat' dir='ltr'>tristis</span> <span class='ocrx_word' id='word_1_104' title='bbox 543 1151 681 1192; x_wconf 71' lang='lat' dir='ltr'>Orion.</span> <span class='ocrx_word' id='word_1_105' title='bbox 748 1151 1093 1206; x_wconf 80' lang='lat' dir='ltr'>Tempestuosus3</span> <span class='ocrx_word' id='word_1_106' title='bbox 1140 1153 1182 1193; x_wconf 90' lang='lat' dir='ltr'>in</span> <span class='ocrx_word' id='word_1_107' title='bbox 1227 1168 1377 1194; x_wconf 83' lang='lat' dir='ltr'>occasu</span> <span class='ocrx_word' id='word_1_108' title='bbox 1423 1155 1533 1196; x_wconf 87' lang='lat' dir='ltr'>enim</span> <span class='ocrx_word' id='word_1_109' title='bbox 1579 1157 1691 1212; x_wconf 82' lang='lat' dir='ltr'>signi</span> <span class='ocrx_word' id='word_1_110' title='bbox 1735 1157 1866 1211; x_wconf 86' lang='lat' dir='ltr'>ipsius</span> 
     </span>
     <span class='ocr_line' id='line_1_14' title="bbox 42 1222 1719 1281; baseline 0.005 -19"><span class='ocrx_word' id='word_1_111' title='bbox 42 1222 223 1263; x_wconf 81' lang='lat' dir='ltr'>maxime</span> <span class='ocrx_word' id='word_1_112' title='bbox 256 1229 524 1277; x_wconf 78' lang='lat' dir='ltr'>tempestates</span> <span class='ocrx_word' id='word_1_113' title='bbox 556 1231 787 1280; x_wconf 78' lang='lat' dir='ltr'>emergunt,</span> <span class='ocrx_word' id='word_1_114' title='bbox 820 1225 929 1266; x_wconf 86' lang='lat' dir='ltr'>unde</span> <span class='ocrx_word' id='word_1_115' title='bbox 960 1233 998 1266; x_wconf 83' lang='lat' dir='ltr'>et</span> <span class='ocrx_word' id='word_1_116' title='bbox 1030 1226 1104 1277; x_wconf 88' lang='lat' dir='ltr'>(A.</span> <span class='ocrx_word' id='word_1_117' title='bbox 1138 1227 1170 1276; x_wconf 87' lang='grc' dir='ltr'>Ι,</span> <span class='ocrx_word' id='word_1_118' title='bbox 1203 1228 1324 1281; x_wconf 78' lang='grc'><strong>535);</strong></span> <span class='ocrx_word' id='word_1_119' title='bbox 1358 1229 1556 1270; x_wconf 70' lang='lat' dir='ltr'>nimbosus</span> <span class='ocrx_word' id='word_1_120' title='bbox 1582 1231 1719 1271; x_wconf 75' lang='lat' dir='ltr'>Orion.</span> 
     </span>
    </p>

    <p class='ocr_par' dir='ltr' id='par_1_11' title="bbox 156 1294 1750 1355">
     <span class='ocr_line' id='line_1_15' title="bbox 156 1294 1750 1355; baseline 0.006 -19"><span class='ocrx_word' id='word_1_121' title='bbox 156 1296 271 1337; x_wconf 79' lang='lat' dir='ltr'>eadit.</span> <span class='ocrx_word' id='word_1_122' title='bbox 333 1294 517 1346; x_wconf 77' lang='lat' dir='ltr'>Occidit,</span> <span class='ocrx_word' id='word_1_123' title='bbox 550 1303 592 1337; x_wconf 86' lang='lat' dir='ltr'>ut</span> <span class='ocrx_word' id='word_1_124' title='bbox 625 1295 699 1351; x_wconf 88' lang='lat' dir='ltr'>(A.</span> <span class='ocrx_word' id='word_1_125' title='bbox 730 1297 789 1346; x_wconf 81' lang='grc' dir='ltr'>Π,</span> <span class='ocrx_word' id='word_1_126' title='bbox 823 1298 890 1350; x_wconf 74' lang='grc'><strong>9);</strong></span> <span class='ocrx_word' id='word_1_127' title='bbox 930 1300 1175 1355; x_wconf 78' lang='lat' dir='ltr'>suadentque</span> <span class='ocrx_word' id='word_1_128' title='bbox 1207 1302 1390 1342; x_wconf 73' lang='lat' dir='ltr'>cadentia</span> <span class='ocrx_word' id='word_1_129' title='bbox 1422 1303 1554 1343; x_wconf 73' lang='lat' dir='ltr'>sidera</span> <span class='ocrx_word' id='word_1_130' title='bbox 1583 1318 1750 1345; x_wconf 79' lang='lat' dir='ltr'><em>somnos.</em></span> 
     </span>
    </p>

    <p class='ocr_par' dir='ltr' id='par_1_12' title="bbox 160 1370 1931 1425">
     <span class='ocr_line' id='line_1_16' title="bbox 160 1370 1931 1425; baseline 0.005 -16"><span class='ocrx_word' id='word_1_131' title='bbox 160 1371 223 1409; x_wconf 91' lang='grc'>11.</span> <span class='ocrx_word' id='word_1_132' title='bbox 255 1370 443 1424; x_wconf 70' lang='lat' dir='ltr'>quietiore</span> <span class='ocrx_word' id='word_1_133' title='bbox 472 1384 511 1410; x_wconf 73' lang='grc' dir='ltr'>η.</span> <span class='ocrx_word' id='word_1_134' title='bbox 540 1371 569 1423; x_wconf 80' lang='lat' dir='ltr'>f.</span> <span class='ocrx_word' id='word_1_135' title='bbox 599 1385 779 1425; x_wconf 73' lang='lat' dir='ltr'>aequore.</span> <span class='ocrx_word' id='word_1_136' title='bbox 837 1370 923 1412; x_wconf 88' lang='lat' dir='ltr'>Pro</span> <span class='ocrx_word' id='word_1_137' title='bbox 954 1371 1091 1413; x_wconf 89' lang='lat' dir='ltr'>minus</span> <span class='ocrx_word' id='word_1_138' title='bbox 1122 1373 1341 1415; x_wconf 81' lang='lat' dir='ltr'>concitato.</span> <span class='ocrx_word' id='word_1_139' title='bbox 1896 1384 1931 1413; x_wconf 77' lang='lat'>15</span> 
     </span>
    </p>

    <p class='ocr_par' dir='ltr' id='par_1_13' title="bbox 40 1442 1866 1648">
     <span class='ocr_line' id='line_1_17' title="bbox 157 1442 1865 1504; baseline 0.005 -22"><span class='ocrx_word' id='word_1_140' title='bbox 157 1443 221 1483; x_wconf 87' lang='grc'>12.</span> <span class='ocrx_word' id='word_1_141' title='bbox 253 1457 373 1498; x_wconf 82' lang='lat' dir='ltr'>quam</span> <span class='ocrx_word' id='word_1_142' title='bbox 400 1444 523 1483; x_wconf 81' lang='lat' dir='ltr'>Graia</span> <span class='ocrx_word' id='word_1_143' title='bbox 545 1458 584 1483; x_wconf 79' lang='lat' dir='ltr'>u.</span> <span class='ocrx_word' id='word_1_144' title='bbox 605 1458 654 1483; x_wconf 81' lang='lat' dir='ltr'>m.</span> <span class='ocrx_word' id='word_1_145' title='bbox 706 1442 854 1484; x_wconf 81' lang='lat' dir='ltr'>Talem</span> <span class='ocrx_word' id='word_1_146' title='bbox 877 1444 938 1484; x_wconf 89' lang='lat' dir='ltr'>illi</span> <span class='ocrx_word' id='word_1_147' title='bbox 960 1445 1243 1500; x_wconf 82' lang='lat' dir='ltr'>nauigationis</span> <span class='ocrx_word' id='word_1_148' title='bbox 1265 1453 1380 1501; x_wconf 81' lang='lat' dir='ltr'>optat</span> <span class='ocrx_word' id='word_1_149' title='bbox 1403 1461 1586 1488; x_wconf 85' lang='lat' dir='ltr'>errorem</span> <span class='ocrx_word' id='word_1_150' title='bbox 1610 1448 1865 1504; x_wconf 80' lang='lat' dir='ltr'>(laborem?)</span> 
     </span>
     <span class='ocr_line' id='line_1_18' title="bbox 40 1514 1866 1578; baseline 0.005 -23"><span class='ocrx_word' id='word_1_151' title='bbox 40 1514 204 1569; x_wconf 85' lang='lat' dir='ltr'>qualem</span> <span class='ocrx_word' id='word_1_152' title='bbox 237 1523 330 1569; x_wconf 87' lang='lat' dir='ltr'>post</span> <span class='ocrx_word' id='word_1_153' title='bbox 360 1514 513 1555; x_wconf 82' lang='lat' dir='ltr'>Troiae</span> <span class='ocrx_word' id='word_1_154' title='bbox 545 1515 755 1556; x_wconf 81' lang='lat' dir='ltr'>excidium</span> <span class='ocrx_word' id='word_1_155' title='bbox 788 1515 944 1558; x_wconf 85' lang='lat' dir='ltr'>Graeci</span> <span class='ocrx_word' id='word_1_156' title='bbox 974 1518 1154 1560; x_wconf 82' lang='lat' dir='ltr'>uictores</span> <span class='ocrx_word' id='word_1_157' title='bbox 1185 1519 1457 1573; x_wconf 83' lang='lat' dir='ltr'>pertulerunt,</span> <span class='ocrx_word' id='word_1_158' title='bbox 1489 1528 1560 1561; x_wconf 89' lang='lat' dir='ltr'>aut</span> <span class='ocrx_word' id='word_1_159' title='bbox 1598 1522 1866 1578; x_wconf 84' lang='lat' dir='ltr'>naufragium</span> 
     </span>
     <span class='ocr_line' id='line_1_19' title="bbox 42 1586 1264 1648; baseline 0.004 -20"><span class='ocrx_word' id='word_1_160' title='bbox 42 1586 183 1643; x_wconf 85' lang='lat' dir='ltr'>[quale</span> <span class='ocrx_word' id='word_1_161' title='bbox 214 1587 488 1643; x_wconf 83' lang='lat' dir='ltr'>reuertentes]</span> <span class='ocrx_word' id='word_1_162' title='bbox 522 1587 564 1627; x_wconf 90' lang='lat' dir='ltr'>in</span> <span class='ocrx_word' id='word_1_163' title='bbox 596 1595 735 1630; x_wconf 84' lang='lat' dir='ltr'>monte</span> <span class='ocrx_word' id='word_1_164' title='bbox 769 1587 991 1644; x_wconf 80' lang='lat' dir='ltr'>Capharco</span> <span class='ocrx_word' id='word_1_165' title='bbox 1025 1590 1264 1648; x_wconf 70' lang='lat' dir='ltr'>[fecerunt]</span> 
     </span>
    </p>

    <p class='ocr_par' dir='ltr' id='par_1_14' title="bbox 39 1662 1932 1935">
     <span class='ocr_line' id='line_1_20' title="bbox 154 1662 1866 1710; baseline 0.005 -9"><span class='ocrx_word' id='word_1_166' title='bbox 154 1662 217 1702; x_wconf 85' lang='lat'>13.</span> <span class='ocrx_word' id='word_1_167' title='bbox 251 1677 342 1702; x_wconf 74' lang='lat' dir='ltr'>eum</span> <span class='ocrx_word' id='word_1_168' title='bbox 376 1662 512 1702; x_wconf 68' lang='lat' dir='ltr'>Pallas</span> <span class='ocrx_word' id='word_1_169' title='bbox 550 1680 587 1703; x_wconf 76' lang='lat' dir='ltr'>u.</span> <span class='ocrx_word' id='word_1_170' title='bbox 618 1677 657 1703; x_wconf 77' lang='lat' dir='ltr'>a.</span> <span class='ocrx_word' id='word_1_171' title='bbox 688 1664 711 1703; x_wconf 84' lang='lat' dir='ltr'>i.</span> <span class='ocrx_word' id='word_1_172' title='bbox 746 1679 781 1703; x_wconf 84' lang='lat' dir='ltr'>a.</span> <span class='ocrx_word' id='word_1_173' title='bbox 816 1663 846 1702; x_wconf 92' lang='grc' dir='ltr'>Ι.</span> <span class='ocrx_word' id='word_1_174' title='bbox 924 1663 1122 1705; x_wconf 85' lang='lat' dir='ltr'>Minerua</span> <span class='ocrx_word' id='word_1_175' title='bbox 1153 1665 1265 1706; x_wconf 91' lang='lat' dir='ltr'>enim</span> <span class='ocrx_word' id='word_1_176' title='bbox 1296 1666 1512 1708; x_wconf 81' lang='lat' dir='ltr'>sacerdote</span> <span class='ocrx_word' id='word_1_177' title='bbox 1543 1682 1617 1709; x_wconf 82' lang='lat' dir='ltr'>sua</span> <span class='ocrx_word' id='word_1_178' title='bbox 1647 1668 1700 1710; x_wconf 83' lang='lat' dir='ltr'>ab</span> <span class='ocrx_word' id='word_1_179' title='bbox 1731 1667 1866 1710; x_wconf 83' lang='lat' dir='ltr'>Aiace</span> 
     </span>
     <span class='ocr_line' id='line_1_21' title="bbox 39 1733 1932 1795; baseline 0.006 -22"><span class='ocrx_word' id='word_1_180' title='bbox 39 1734 185 1775; x_wconf 85' lang='lat' dir='ltr'>uitiata</span> <span class='ocrx_word' id='word_1_181' title='bbox 215 1733 298 1774; x_wconf 89' lang='lat' dir='ltr'>iam</span> <span class='ocrx_word' id='word_1_182' title='bbox 330 1741 511 1775; x_wconf 79' lang='lat' dir='ltr'>uerterat</span> <span class='ocrx_word' id='word_1_183' title='bbox 543 1750 567 1775; x_wconf 84' lang='lat' dir='ltr'>a</span> <span class='ocrx_word' id='word_1_184' title='bbox 597 1734 795 1776; x_wconf 82' lang='lat' dir='ltr'>Troianis</span> <span class='ocrx_word' id='word_1_185' title='bbox 833 1736 886 1776; x_wconf 84' lang='lat' dir='ltr'>ad</span> <span class='ocrx_word' id='word_1_186' title='bbox 926 1735 1128 1788; x_wconf 85' lang='lat' dir='ltr'>Graecos,</span> <span class='ocrx_word' id='word_1_187' title='bbox 1175 1745 1219 1779; x_wconf 85' lang='lat' dir='ltr'>ut</span> <span class='ocrx_word' id='word_1_188' title='bbox 1250 1737 1323 1794; x_wconf 88' lang='lat' dir='ltr'>(A.</span> <span class='ocrx_word' id='word_1_189' title='bbox 1356 1739 1389 1789; x_wconf 89' lang='lat' dir='ltr'>I,</span> <span class='ocrx_word' id='word_1_190' title='bbox 1421 1741 1628 1795; x_wconf 74' lang='lat'><strong>39—41):</strong></span> <span class='ocrx_word' id='word_1_191' title='bbox 1680 1743 1865 1784; x_wconf 72' lang='lat' dir='ltr'>Pallasne</span> <span class='ocrx_word' id='word_1_192' title='bbox 1892 1749 1932 1779; x_wconf 80' lang='lat'>20</span> 
     </span>
     <span class='ocr_line' id='line_1_22' title="bbox 40 1808 1863 1869; baseline 0.004 -20"><span class='ocrx_word' id='word_1_193' title='bbox 40 1822 211 1849; x_wconf 68' lang='lat' dir='ltr'>exurere</span> <span class='ocrx_word' id='word_1_194' title='bbox 244 1808 407 1849; x_wconf 74' lang='lat' dir='ltr'>classem</span> <span class='ocrx_word' id='word_1_195' title='bbox 441 1810 640 1863; x_wconf 64' lang='lat' dir='ltr'>Aryieoum</span> <span class='ocrx_word' id='word_1_196' title='bbox 671 1817 785 1864; x_wconf 83' lang='lat' dir='ltr'>atqae</span> <span class='ocrx_word' id='word_1_197' title='bbox 807 1811 906 1863; x_wconf 75' lang='lat' dir='ltr'>ipsos</span> <span class='ocrx_word' id='word_1_198' title='bbox 920 1812 1054 1866; x_wconf 76' lang='lat' dir='ltr'>potuit</span> <span class='ocrx_word' id='word_1_199' title='bbox 1075 1812 1326 1867; x_wconf 72' lang='lat' dir='ltr'>sabmeryere</span> <span class='ocrx_word' id='word_1_200' title='bbox 1349 1822 1474 1869; x_wconf 75' lang='lat' dir='ltr'>ponto</span> <span class='ocrx_word' id='word_1_201' title='bbox 1499 1815 1623 1856; x_wconf 59' lang='lat' dir='ltr'>[lituos</span> <span class='ocrx_word' id='word_1_202' title='bbox 1645 1816 1690 1856; x_wconf 88' lang='lat' dir='ltr'>ob</span> <span class='ocrx_word' id='word_1_203' title='bbox 1712 1831 1863 1858; x_wconf 63' lang='lat' dir='ltr'>noscam</span> 
     </span>
     <span class='ocr_line' id='line_1_23' title="bbox 40 1881 551 1935; baseline -0.002 -13"><span class='ocrx_word' id='word_1_204' title='bbox 40 1890 75 1923; x_wconf 76' lang='lat' dir='ltr'>ec</span> <span class='ocrx_word' id='word_1_205' title='bbox 103 1882 236 1935; x_wconf 77' lang='lat' dir='ltr'>sarias</span> <span class='ocrx_word' id='word_1_206' title='bbox 269 1883 403 1923; x_wconf 65' lang='lat' dir='ltr'>Aiacis</span> <span class='ocrx_word' id='word_1_207' title='bbox 436 1881 551 1923; x_wconf 74' lang='lat' dir='ltr'>Oilei.</span> 
     </span>
    </p>

    <p class='ocr_par' dir='ltr' id='par_1_15' title="bbox 39 1954 1930 2157">
     <span class='ocr_line' id='line_1_24' title="bbox 154 1954 1866 2015; baseline 0.005 -21"><span class='ocrx_word' id='word_1_208' title='bbox 154 1956 217 1994; x_wconf 84' lang='lat'>17.</span> <span class='ocrx_word' id='word_1_209' title='bbox 250 1963 286 1995; x_wconf 88' lang='lat' dir='ltr'>et</span> <span class='ocrx_word' id='word_1_210' title='bbox 313 1955 385 1995; x_wconf 46' lang='lat' dir='ltr'>&#39;illa</span> <span class='ocrx_word' id='word_1_211' title='bbox 415 1969 494 1995; x_wconf 70' lang='grc' dir='ltr'>11οή</span> <span class='ocrx_word' id='word_1_212' title='bbox 525 1956 603 1995; x_wconf 78' lang='lat' dir='ltr'>w&#39;r.</span> <span class='ocrx_word' id='word_1_213' title='bbox 636 1954 834 1996; x_wconf 75' lang='lat' dir='ltr'>heiulatio.</span> <span class='ocrx_word' id='word_1_214' title='bbox 892 1955 1094 1997; x_wconf 80' lang='lat' dir='ltr'>Planctus</span> <span class='ocrx_word' id='word_1_215' title='bbox 1116 1957 1288 1998; x_wconf 82' lang='lat' dir='ltr'>rationis</span> <span class='ocrx_word' id='word_1_216' title='bbox 1311 1972 1461 2013; x_wconf 85' lang='lat' dir='ltr'>expers</span> <span class='ocrx_word' id='word_1_217' title='bbox 1483 1966 1522 2000; x_wconf 86' lang='lat' dir='ltr'>et</span> <span class='ocrx_word' id='word_1_218' title='bbox 1543 1960 1679 2015; x_wconf 83' lang='lat' dir='ltr'>magis</span> <span class='ocrx_word' id='word_1_219' title='bbox 1699 1962 1866 2003; x_wconf 85' lang='lat' dir='ltr'>feminis</span> 
     </span>
     <span class='ocr_line' id='line_1_25' title="bbox 41 2025 1866 2083; baseline 0.005 -16"><span class='ocrx_word' id='word_1_220' title='bbox 41 2027 306 2076; x_wconf 84' lang='lat' dir='ltr'>conueniens,</span> <span class='ocrx_word' id='word_1_221' title='bbox 351 2034 394 2067; x_wconf 91' lang='lat' dir='ltr'>ut</span> <span class='ocrx_word' id='word_1_222' title='bbox 441 2025 513 2081; x_wconf 83' lang='lat' dir='ltr'>(A.</span> <span class='ocrx_word' id='word_1_223' title='bbox 546 2026 629 2076; x_wconf 83' lang='lat' dir='ltr'>XI,</span> <span class='ocrx_word' id='word_1_224' title='bbox 663 2029 788 2079; x_wconf 75' lang='lat'>878&gt;=</span> <span class='ocrx_word' id='word_1_225' title='bbox 834 2030 1049 2082; x_wconf 72' lang='lat' dir='ltr'>femineum</span> <span class='ocrx_word' id='word_1_226' title='bbox 1092 2031 1306 2072; x_wconf 76' lang='lat' dir='ltr'>clamorem</span> <span class='ocrx_word' id='word_1_227' title='bbox 1351 2033 1404 2072; x_wconf 78' lang='lat' dir='ltr'>ad</span> <span class='ocrx_word' id='word_1_228' title='bbox 1450 2034 1584 2074; x_wconf 80' lang='lat' dir='ltr'>sidera</span> <span class='ocrx_word' id='word_1_229' title='bbox 1626 2035 1781 2083; x_wconf 76' lang='lat' dir='ltr'>tollam,</span> <span class='ocrx_word' id='word_1_230' title='bbox 1826 2043 1866 2077; x_wconf 80' lang='lat' dir='ltr'>et</span> 
     </span>
     <span class='ocr_line' id='line_1_26' title="bbox 39 2099 1930 2157; baseline 0.004 -16"><span class='ocrx_word' id='word_1_231' title='bbox 39 2101 135 2142; x_wconf 82' lang='lat' dir='ltr'>Jaa.</span> <span class='ocrx_word' id='word_1_232' title='bbox 166 2099 295 2150; x_wconf 84' lang='lat' dir='ltr'><strong>XIII,</strong></span> <span class='ocrx_word' id='word_1_233' title='bbox 330 2102 422 2156; x_wconf 83' lang='lat'><strong>11):</strong></span> <span class='ocrx_word' id='word_1_234' title='bbox 452 2101 691 2156; x_wconf 72' lang='lat' dir='ltr'>slaqrantior</span> <span class='ocrx_word' id='word_1_235' title='bbox 721 2116 844 2157; x_wconf 83' lang='lat' dir='ltr'>aeqao</span> <span class='ocrx_word' id='word_1_236' title='bbox 876 2102 965 2143; x_wconf 80' lang='lat' dir='ltr'>Non</span> <span class='ocrx_word' id='word_1_237' title='bbox 996 2102 1105 2143; x_wconf 78' lang='lat' dir='ltr'>debet</span> <span class='ocrx_word' id='word_1_238' title='bbox 1134 2104 1249 2145; x_wconf 81' lang='lat' dir='ltr'>dolor</span> <span class='ocrx_word' id='word_1_239' title='bbox 1281 2120 1360 2146; x_wconf 76' lang='lat' dir='ltr'>esse</span> <span class='ocrx_word' id='word_1_240' title='bbox 1390 2106 1482 2146; x_wconf 79' lang='lat' dir='ltr'>uiri.</span> <span class='ocrx_word' id='word_1_241' title='bbox 1890 2116 1930 2146; x_wconf 72' lang='lat'>25</span> 
     </span>
    </p>
   </div>
   <div class='ocr_carea' id='block_1_3' title="bbox 38 2254 1864 3253">
    <p class='ocr_par' dir='ltr' id='par_1_16' title="bbox 38 2254 1864 3253">
     <span class='ocr_line' id='line_1_27' title="bbox 156 2254 1863 2294; baseline 0.005 -11"><span class='ocrx_word' id='word_1_242' title='bbox 156 2254 188 2292; x_wconf 91' lang='lat'>1)</span> <span class='ocrx_word' id='word_1_243' title='bbox 214 2254 270 2284; x_wconf 81' lang='lat' dir='ltr'>alis</span> <span class='ocrx_word' id='word_1_244' title='bbox 295 2255 334 2284; x_wconf 93' lang='lat' dir='ltr'>A.</span> <span class='ocrx_word' id='word_1_245' title='bbox 359 2256 464 2293; x_wconf 78' lang='lat' dir='ltr'>posuit</span> <span class='ocrx_word' id='word_1_246' title='bbox 491 2256 592 2285; x_wconf 81' lang='lat' dir='ltr'>alitem</span> <span class='ocrx_word' id='word_1_247' title='bbox 617 2256 684 2285; x_wconf 88' lang='lat' dir='ltr'>AR.</span> <span class='ocrx_word' id='word_1_248' title='bbox 711 2256 790 2292; x_wconf 76' lang='lat' dir='ltr'>alite,</span> <span class='ocrx_word' id='word_1_249' title='bbox 817 2258 952 2294; x_wconf 76' lang='lat' dir='ltr'>augurio</span> <span class='ocrx_word' id='word_1_250' title='bbox 979 2258 1006 2286; x_wconf 82' lang='lat'>2.</span> <span class='ocrx_word' id='word_1_251' title='bbox 1033 2257 1084 2287; x_wconf 83' lang='lat' dir='ltr'>hic</span> <span class='ocrx_word' id='word_1_252' title='bbox 1121 2275 1160 2280; x_wconf 89' lang='lat'>—</span> <span class='ocrx_word' id='word_1_253' title='bbox 1198 2259 1277 2288; x_wconf 81' lang='lat' dir='ltr'>alite</span> <span class='ocrx_word' id='word_1_254' title='bbox 1303 2269 1362 2288; x_wconf 88' lang='lat' dir='ltr'>om.</span> <span class='ocrx_word' id='word_1_255' title='bbox 1390 2260 1418 2289; x_wconf 84' lang='lat'>2.</span> <span class='ocrx_word' id='word_1_256' title='bbox 1445 2259 1494 2288; x_wconf 92' lang='grc' dir='ltr'>Α2</span> <span class='ocrx_word' id='word_1_257' title='bbox 1522 2260 1640 2290; x_wconf 82' lang='lat' dir='ltr'>habent</span> <span class='ocrx_word' id='word_1_258' title='bbox 1666 2262 1800 2293; x_wconf 85' lang='lat' dir='ltr'>lemma:</span> <span class='ocrx_word' id='word_1_259' title='bbox 1826 2263 1863 2292; x_wconf 89' lang='lat' dir='ltr'>ol.</span> 
     </span>
     <span class='ocr_line' id='line_1_28' title="bbox 38 2310 1862 2357; baseline 0.005 -18"><span class='ocrx_word' id='word_1_260' title='bbox 38 2310 193 2340; x_wconf 76' lang='lat' dir='ltr'>maenium.</span> <span class='ocrx_word' id='word_1_261' title='bbox 243 2312 277 2350; x_wconf 89' lang='grc'><strong>2)</strong></span> <span class='ocrx_word' id='word_1_262' title='bbox 296 2321 358 2350; x_wconf 80' lang='lat' dir='ltr'>pro</span> <span class='ocrx_word' id='word_1_263' title='bbox 383 2315 450 2349; x_wconf 84' lang='lat' dir='ltr'>put.</span> <span class='ocrx_word' id='word_1_264' title='bbox 477 2312 506 2340; x_wconf 88' lang='grc'>2.</span> <span class='ocrx_word' id='word_1_265' title='bbox 532 2311 607 2341; x_wconf 85' lang='lat' dir='ltr'>Alia</span> <span class='ocrx_word' id='word_1_266' title='bbox 632 2313 862 2350; x_wconf 85' lang='lat' dir='ltr'>serpillumque</span> <span class='ocrx_word' id='word_1_267' title='bbox 889 2323 949 2342; x_wconf 89' lang='lat' dir='ltr'>om.</span> <span class='ocrx_word' id='word_1_268' title='bbox 974 2313 1018 2343; x_wconf 84' lang='lat' dir='ltr'>fh.</span> <span class='ocrx_word' id='word_1_269' title='bbox 1044 2314 1118 2343; x_wconf 86' lang='lat' dir='ltr'>allia</span> <span class='ocrx_word' id='word_1_270' title='bbox 1131 2314 1311 2352; x_wconf 55' lang='lat' dir='ltr'>mmm-ea.</span> <span class='ocrx_word' id='word_1_271' title='bbox 1336 2324 1370 2357; x_wconf 58' lang='lat' dir='ltr'>T:</span> <span class='ocrx_word' id='word_1_272' title='bbox 1397 2315 1519 2345; x_wconf 74' lang='lat' dir='ltr'>olentem</span> <span class='ocrx_word' id='word_1_273' title='bbox 1544 2317 1700 2354; x_wconf 84' lang='lat' dir='ltr'>putidum.</span> <span class='ocrx_word' id='word_1_274' title='bbox 1726 2322 1862 2356; x_wconf 85' lang='lat' dir='ltr'>turpem.</span> 
     </span>
     <span class='ocr_line' id='line_1_29' title="bbox 38 2366 1863 2411; baseline 0.004 -15"><span class='ocrx_word' id='word_1_275' title='bbox 38 2366 175 2396; x_wconf 70' lang='lat' dir='ltr'>meuizcm.</span> <span class='ocrx_word' id='word_1_276' title='bbox 201 2368 291 2397; x_wconf 77' lang='lat' dir='ltr'>cuius</span> <span class='ocrx_word' id='word_1_277' title='bbox 318 2369 457 2397; x_wconf 79' lang='lat' dir='ltr'>earmina</span> <span class='ocrx_word' id='word_1_278' title='bbox 483 2372 618 2406; x_wconf 84' lang='lat' dir='ltr'>puteant</span> <span class='ocrx_word' id='word_1_279' title='bbox 644 2373 700 2398; x_wconf 84' lang='lat' dir='ltr'>aut</span> <span class='ocrx_word' id='word_1_280' title='bbox 725 2370 800 2407; x_wconf 85' lang='lat' dir='ltr'>quia</span> <span class='ocrx_word' id='word_1_281' title='bbox 829 2379 900 2399; x_wconf 87' lang='lat' dir='ltr'>caro</span> <span class='ocrx_word' id='word_1_282' title='bbox 919 2370 986 2399; x_wconf 76' lang='lat' dir='ltr'>eius</span> <span class='ocrx_word' id='word_1_283' title='bbox 1004 2379 1046 2399; x_wconf 81' lang='lat' dir='ltr'>ex</span> <span class='ocrx_word' id='word_1_284' title='bbox 1064 2371 1296 2409; x_wconf 86' lang='lat' dir='ltr'>pinguetudine</span> <span class='ocrx_word' id='word_1_285' title='bbox 1314 2372 1429 2409; x_wconf 79' lang='lat' dir='ltr'>putida</span> <span class='ocrx_word' id='word_1_286' title='bbox 1449 2377 1528 2403; x_wconf 84' lang='lat' dir='ltr'>erat..</span> <span class='ocrx_word' id='word_1_287' title='bbox 1580 2373 1614 2411; x_wconf 84' lang='lat'>6)</span> <span class='ocrx_word' id='word_1_288' title='bbox 1640 2383 1714 2403; x_wconf 83' lang='lat' dir='ltr'>nau.</span> <span class='ocrx_word' id='word_1_289' title='bbox 1741 2376 1863 2405; x_wconf 82' lang='lat' dir='ltr'>maenio</span> 
     </span>
     <span class='ocr_line' id='line_1_30' title="bbox 42 2424 1860 2470; baseline 0.004 -17"><span class='ocrx_word' id='word_1_290' title='bbox 42 2425 71 2453; x_wconf 86' lang='lat'>1.</span> <span class='ocrx_word' id='word_1_291' title='bbox 121 2425 156 2463; x_wconf 88' lang='lat'>8)</span> <span class='ocrx_word' id='word_1_292' title='bbox 180 2428 280 2454; x_wconf 91' lang='lat' dir='ltr'>mont.</span> <span class='ocrx_word' id='word_1_293' title='bbox 305 2424 382 2454; x_wconf 75' lang='lat' dir='ltr'>allis.</span> <span class='ocrx_word' id='word_1_294' title='bbox 410 2425 455 2454; x_wconf 85' lang='lat' dir='ltr'>sic</span> <span class='ocrx_word' id='word_1_295' title='bbox 479 2435 562 2456; x_wconf 88' lang='lat' dir='ltr'>omn.</span> <span class='ocrx_word' id='word_1_296' title='bbox 590 2425 662 2454; x_wconf 85' lang='lat' dir='ltr'>libri</span> <span class='ocrx_word' id='word_1_297' title='bbox 688 2425 760 2455; x_wconf 85' lang='lat' dir='ltr'>Aer.</span> <span class='ocrx_word' id='word_1_298' title='bbox 785 2430 926 2464; x_wconf 85' lang='lat' dir='ltr'>transpo.</span> <span class='ocrx_word' id='word_1_299' title='bbox 953 2431 988 2456; x_wconf 90' lang='lat' dir='ltr'>ut</span> <span class='ocrx_word' id='word_1_300' title='bbox 1010 2432 1075 2457; x_wconf 85' lang='lat' dir='ltr'>vet.</span> <span class='ocrx_word' id='word_1_301' title='bbox 1100 2427 1195 2456; x_wconf 85' lang='lat' dir='ltr'>Bern.</span> <span class='ocrx_word' id='word_1_302' title='bbox 1215 2427 1254 2456; x_wconf 82' lang='lat' dir='ltr'>K.</span> <span class='ocrx_word' id='word_1_303' title='bbox 1280 2427 1491 2457; x_wconf 75' lang='lat' dir='ltr'>scribendum</span> <span class='ocrx_word' id='word_1_304' title='bbox 1518 2434 1585 2458; x_wconf 82' lang='lat' dir='ltr'>est:</span> <span class='ocrx_word' id='word_1_305' title='bbox 1611 2429 1680 2458; x_wconf 79' lang='lat' dir='ltr'>altis</span> <span class='ocrx_word' id='word_1_306' title='bbox 1700 2430 1860 2470; x_wconf 78' lang='lat' dir='ltr'>montibus]</span> 
     </span>
     <span class='ocr_line' id='line_1_31' title="bbox 40 2480 1864 2524; baseline 0.004 -15"><span class='ocrx_word' id='word_1_307' title='bbox 40 2480 116 2516; x_wconf 74' lang='lat' dir='ltr'>altis,</span> <span class='ocrx_word' id='word_1_308' title='bbox 144 2482 197 2518; x_wconf 89' lang='lat' dir='ltr'>qui</span> <span class='ocrx_word' id='word_1_309' title='bbox 218 2484 278 2510; x_wconf 77' lang='lat' dir='ltr'>etc.</span> <span class='ocrx_word' id='word_1_310' title='bbox 329 2482 363 2519; x_wconf 86' lang='lat'>9)</span> <span class='ocrx_word' id='word_1_311' title='bbox 387 2481 508 2510; x_wconf 76' lang='lat' dir='ltr'>uiuenti</span> <span class='ocrx_word' id='word_1_312' title='bbox 534 2482 565 2510; x_wconf 90' lang='lat' dir='ltr'>h.</span> <span class='ocrx_word' id='word_1_313' title='bbox 617 2481 672 2519; x_wconf 87' lang='lat'>10)</span> <span class='ocrx_word' id='word_1_314' title='bbox 698 2482 881 2520; x_wconf 76' lang='lat' dir='ltr'>imprecatur</span> <span class='ocrx_word' id='word_1_315' title='bbox 905 2487 1008 2512; x_wconf 85' lang='lat' dir='ltr'>atram</span> <span class='ocrx_word' id='word_1_316' title='bbox 1034 2488 1160 2514; x_wconf 84' lang='lat' dir='ltr'>noctem</span> <span class='ocrx_word' id='word_1_317' title='bbox 1194 2485 1265 2513; x_wconf 88' lang='lat' dir='ltr'>sine</span> <span class='ocrx_word' id='word_1_318' title='bbox 1295 2484 1415 2513; x_wconf 87' lang='lat' dir='ltr'>lumine</span> <span class='ocrx_word' id='word_1_319' title='bbox 1440 2485 1535 2514; x_wconf 84' lang='lat' dir='ltr'>lunae</span> <span class='ocrx_word' id='word_1_320' title='bbox 1560 2486 1660 2514; x_wconf 78' lang='lat' dir='ltr'>amico</span> <span class='ocrx_word' id='word_1_321' title='bbox 1678 2488 1787 2524; x_wconf 79' lang='lat' dir='ltr'>nauig.</span> <span class='ocrx_word' id='word_1_322' title='bbox 1806 2487 1864 2518; x_wconf 88' lang='lat' dir='ltr'>hoc</span> 
     </span>
     <span class='ocr_line' id='line_1_32' title="bbox 40 2537 1861 2580; baseline 0.003 -14"><span class='ocrx_word' id='word_1_323' title='bbox 40 2541 90 2566; x_wconf 88' lang='lat' dir='ltr'>est</span> <span class='ocrx_word' id='word_1_324' title='bbox 117 2537 146 2566; x_wconf 85' lang='lat'>2.</span> <span class='ocrx_word' id='word_1_325' title='bbox 173 2541 242 2566; x_wconf 83' lang='lat' dir='ltr'>atra</span> <span class='ocrx_word' id='word_1_326' title='bbox 265 2542 356 2567; x_wconf 72' lang='lat' dir='ltr'>nocte.</span> <span class='ocrx_word' id='word_1_327' title='bbox 384 2539 506 2575; x_wconf 72' lang='lat' dir='ltr'>nigram</span> <span class='ocrx_word' id='word_1_328' title='bbox 533 2542 647 2567; x_wconf 80' lang='lat' dir='ltr'>noctem</span> <span class='ocrx_word' id='word_1_329' title='bbox 672 2540 740 2567; x_wconf 86' lang='lat' dir='ltr'>sine</span> <span class='ocrx_word' id='word_1_330' title='bbox 766 2548 826 2567; x_wconf 84' lang='lat' dir='ltr'>am.</span> <span class='ocrx_word' id='word_1_331' title='bbox 860 2539 899 2568; x_wconf 81' lang='lat' dir='ltr'>A.</span> <span class='ocrx_word' id='word_1_332' title='bbox 927 2544 997 2569; x_wconf 73' lang='lat' dir='ltr'>att-a</span> <span class='ocrx_word' id='word_1_333' title='bbox 1021 2545 1113 2570; x_wconf 76' lang='lat' dir='ltr'>nocte.</span> <span class='ocrx_word' id='word_1_334' title='bbox 1138 2542 1233 2578; x_wconf 79' lang='lat' dir='ltr'>nigra</span> <span class='ocrx_word' id='word_1_335' title='bbox 1257 2545 1348 2569; x_wconf 86' lang='lat' dir='ltr'>nocte</span> <span class='ocrx_word' id='word_1_336' title='bbox 1373 2541 1432 2569; x_wconf 81' lang='lat' dir='ltr'>hoc</span> <span class='ocrx_word' id='word_1_337' title='bbox 1457 2546 1505 2570; x_wconf 83' lang='lat' dir='ltr'>est</span> <span class='ocrx_word' id='word_1_338' title='bbox 1532 2542 1601 2570; x_wconf 83' lang='lat' dir='ltr'>sine</span> <span class='ocrx_word' id='word_1_339' title='bbox 1626 2551 1687 2570; x_wconf 83' lang='lat' dir='ltr'>am.</span> <span class='ocrx_word' id='word_1_340' title='bbox 1716 2542 1751 2571; x_wconf 83' lang='lat' dir='ltr'>R.</span> <span class='ocrx_word' id='word_1_341' title='bbox 1807 2543 1861 2580; x_wconf 93' lang='grc'>11)</span> 
     </span>
     <span class='ocr_line' id='line_1_33' title="bbox 40 2595 1862 2634; baseline 0.003 -12"><span class='ocrx_word' id='word_1_342' title='bbox 40 2603 168 2623; x_wconf 82' lang='lat' dir='ltr'>currum</span> <span class='ocrx_word' id='word_1_343' title='bbox 195 2595 224 2625; x_wconf 86' lang='grc'>2,</span> <span class='ocrx_word' id='word_1_344' title='bbox 250 2595 319 2622; x_wconf 90' lang='lat' dir='ltr'>rell.</span> <span class='ocrx_word' id='word_1_345' title='bbox 346 2603 474 2623; x_wconf 78' lang='lat' dir='ltr'>cursam.</span> <span class='ocrx_word' id='word_1_346' title='bbox 503 2599 595 2632; x_wconf 74' lang='lat' dir='ltr'>neget</span> <span class='ocrx_word' id='word_1_347' title='bbox 618 2595 683 2623; x_wconf 80' lang='lat' dir='ltr'>AR.</span> <span class='ocrx_word' id='word_1_348' title='bbox 753 2595 806 2633; x_wconf 88' lang='grc'>12)</span> <span class='ocrx_word' id='word_1_349' title='bbox 832 2605 900 2624; x_wconf 80' lang='lat' dir='ltr'>nam</span> <span class='ocrx_word' id='word_1_350' title='bbox 924 2606 989 2624; x_wconf 85' lang='lat' dir='ltr'>cam</span> <span class='ocrx_word' id='word_1_351' title='bbox 1013 2597 1120 2626; x_wconf 75' lang='lat' dir='ltr'>occidit</span> <span class='ocrx_word' id='word_1_352' title='bbox 1144 2602 1240 2634; x_wconf 88' lang='lat' dir='ltr'>temp.</span> <span class='ocrx_word' id='word_1_353' title='bbox 1268 2597 1296 2625; x_wconf 85' lang='lat'>2.</span> <span class='ocrx_word' id='word_1_354' title='bbox 1323 2597 1392 2625; x_wconf 82' lang='lat' dir='ltr'>rell.</span> <span class='ocrx_word' id='word_1_355' title='bbox 1420 2598 1453 2625; x_wconf 91' lang='grc'>111</span> <span class='ocrx_word' id='word_1_356' title='bbox 1478 2606 1591 2626; x_wconf 74' lang='lat' dir='ltr'>occasu</span> <span class='ocrx_word' id='word_1_357' title='bbox 1632 2615 1673 2618; x_wconf 60' lang='lat'>—</span> <span class='ocrx_word' id='word_1_358' title='bbox 1710 2600 1862 2628; x_wconf 83' lang='lat' dir='ltr'>maxime.</span> 
     </span>
     <span class='ocr_line' id='line_1_34' title="bbox 39 2650 1860 2693; baseline 0.003 -14"><span class='ocrx_word' id='word_1_359' title='bbox 39 2654 284 2687; x_wconf 74' lang='lat' dir='ltr'>tempestuosus.</span> <span class='ocrx_word' id='word_1_360' title='bbox 311 2650 399 2679; x_wconf 79' lang='lat' dir='ltr'>eadit.</span> <span class='ocrx_word' id='word_1_361' title='bbox 427 2651 554 2679; x_wconf 83' lang='lat' dir='ltr'>occidit.</span> <span class='ocrx_word' id='word_1_362' title='bbox 581 2650 617 2678; x_wconf 91' lang='lat' dir='ltr'>In</span> <span class='ocrx_word' id='word_1_363' title='bbox 642 2660 784 2680; x_wconf 78' lang='lat' dir='ltr'>occasum</span> <span class='ocrx_word' id='word_1_364' title='bbox 808 2650 866 2679; x_wconf 84' lang='lat' dir='ltr'>AR</span> <span class='ocrx_word' id='word_1_365' title='bbox 893 2651 1046 2690; x_wconf 78' lang='lat' dir='ltr'>(occasa).</span> <span class='ocrx_word' id='word_1_366' title='bbox 1098 2654 1152 2692; x_wconf 87' lang='grc'>13)</span> <span class='ocrx_word' id='word_1_367' title='bbox 1178 2654 1264 2681; x_wconf 88' lang='lat' dir='ltr'>unde</span> <span class='ocrx_word' id='word_1_368' title='bbox 1289 2657 1318 2681; x_wconf 81' lang='lat' dir='ltr'>et</span> <span class='ocrx_word' id='word_1_369' title='bbox 1340 2653 1378 2682; x_wconf 89' lang='lat' dir='ltr'>A.</span> <span class='ocrx_word' id='word_1_370' title='bbox 1406 2653 1487 2681; x_wconf 84' lang='lat' dir='ltr'>unde</span> <span class='ocrx_word' id='word_1_371' title='bbox 1513 2653 1571 2681; x_wconf 64' lang='lat' dir='ltr'>RQ.</span> <span class='ocrx_word' id='word_1_372' title='bbox 1603 2654 1672 2682; x_wconf 87' lang='lat' dir='ltr'>rell.</span> <span class='ocrx_word' id='word_1_373' title='bbox 1699 2659 1743 2683; x_wconf 86' lang='lat' dir='ltr'>ut.</span> <span class='ocrx_word' id='word_1_374' title='bbox 1806 2655 1860 2693; x_wconf 87' lang='lat'>15)</span> 
     </span>
     <span class='ocr_line' id='line_1_35' title="bbox 38 2705 1861 2747; baseline 0.003 -13"><span class='ocrx_word' id='word_1_375' title='bbox 38 2705 100 2735; x_wconf 91' lang='lat' dir='ltr'>Pro</span> <span class='ocrx_word' id='word_1_376' title='bbox 123 2716 182 2734; x_wconf 75' lang='lat' dir='ltr'>non</span> <span class='ocrx_word' id='word_1_377' title='bbox 207 2707 312 2735; x_wconf 86' lang='lat' dir='ltr'>minus</span> <span class='ocrx_word' id='word_1_378' title='bbox 338 2706 383 2735; x_wconf 82' lang='lat' dir='ltr'>fh.</span> <span class='ocrx_word' id='word_1_379' title='bbox 409 2706 442 2734; x_wconf 70' lang='lat' dir='ltr'>id</span> <span class='ocrx_word' id='word_1_380' title='bbox 466 2710 507 2735; x_wconf 84' lang='lat' dir='ltr'>est</span> <span class='ocrx_word' id='word_1_381' title='bbox 530 2707 637 2735; x_wconf 86' lang='lat' dir='ltr'>minus</span> <span class='ocrx_word' id='word_1_382' title='bbox 664 2708 692 2735; x_wconf 87' lang='grc'>2.</span> <span class='ocrx_word' id='word_1_383' title='bbox 761 2708 814 2745; x_wconf 86' lang='grc'>16)</span> <span class='ocrx_word' id='word_1_384' title='bbox 841 2707 890 2736; x_wconf 89' lang='lat' dir='ltr'>illi</span> <span class='ocrx_word' id='word_1_385' title='bbox 916 2717 975 2736; x_wconf 90' lang='lat' dir='ltr'>om.</span> <span class='ocrx_word' id='word_1_386' title='bbox 1001 2708 1171 2745; x_wconf 80' lang='lat' dir='ltr'>R⁴21‚rvca.</span> <span class='ocrx_word' id='word_1_387' title='bbox 1238 2710 1292 2746; x_wconf 86' lang='lat'>17)</span> <span class='ocrx_word' id='word_1_388' title='bbox 1321 2710 1426 2738; x_wconf 81' lang='lat' dir='ltr'>excid.</span> <span class='ocrx_word' id='word_1_389' title='bbox 1452 2708 1582 2738; x_wconf 72' lang='lat' dir='ltr'>laborem</span> <span class='ocrx_word' id='word_1_390' title='bbox 1613 2718 1660 2746; x_wconf 81' lang='lat' dir='ltr'>gr.</span> <span class='ocrx_word' id='word_1_391' title='bbox 1691 2709 1861 2747; x_wconf 78' lang='lat' dir='ltr'>R‘21‚rvca.</span> 
     </span>
     <span class='ocr_line' id='line_1_36' title="bbox 39 2762 1862 2803; baseline 0.003 -13"><span class='ocrx_word' id='word_1_392' title='bbox 39 2762 108 2791; x_wconf 84' lang='lat' dir='ltr'>rell.</span> <span class='ocrx_word' id='word_1_393' title='bbox 135 2772 194 2791; x_wconf 90' lang='lat' dir='ltr'>om.</span> <span class='ocrx_word' id='word_1_394' title='bbox 221 2762 325 2791; x_wconf 83' lang='lat' dir='ltr'>excid.</span> <span class='ocrx_word' id='word_1_395' title='bbox 354 2762 467 2799; x_wconf 83' lang='lat' dir='ltr'>pertul.</span> <span class='ocrx_word' id='word_1_396' title='bbox 494 2772 540 2799; x_wconf 82' lang='lat' dir='ltr'>gr.</span> <span class='ocrx_word' id='word_1_397' title='bbox 559 2763 642 2791; x_wconf 63' lang='lat' dir='ltr'>(liet.</span> <span class='ocrx_word' id='word_1_398' title='bbox 670 2766 725 2791; x_wconf 82' lang='lat' dir='ltr'>aut</span> <span class='ocrx_word' id='word_1_399' title='bbox 750 2762 848 2791; x_wconf 84' lang='lat' dir='ltr'>nrufr.</span> <span class='ocrx_word' id='word_1_400' title='bbox 875 2762 914 2792; x_wconf 90' lang='lat' dir='ltr'>A.</span> <span class='ocrx_word' id='word_1_401' title='bbox 967 2765 1021 2802; x_wconf 80' lang='grc'>18)</span> <span class='ocrx_word' id='word_1_402' title='bbox 1048 2766 1141 2802; x_wconf 85' lang='lat' dir='ltr'>quale</span> <span class='ocrx_word' id='word_1_403' title='bbox 1167 2775 1226 2794; x_wconf 90' lang='lat' dir='ltr'>om.</span> <span class='ocrx_word' id='word_1_404' title='bbox 1254 2764 1374 2802; x_wconf 75' lang='lat' dir='ltr'>AG,ca.</span> <span class='ocrx_word' id='word_1_405' title='bbox 1398 2765 1485 2803; x_wconf 69' lang='lat' dir='ltr'>quale</span> <span class='ocrx_word' id='word_1_406' title='bbox 1509 2769 1616 2794; x_wconf 72' lang='lat' dir='ltr'>reaert.</span> <span class='ocrx_word' id='word_1_407' title='bbox 1643 2776 1703 2795; x_wconf 85' lang='lat' dir='ltr'>om.</span> <span class='ocrx_word' id='word_1_408' title='bbox 1730 2765 1862 2798; x_wconf 82' lang='lat' dir='ltr'>R21.1·v.</span> 
     </span>
     <span class='ocr_line' id='line_1_37' title="bbox 40 2816 1863 2859; baseline 0.002 -12"><span class='ocrx_word' id='word_1_409' title='bbox 40 2835 82 2838; x_wconf 82' lang='lat'>—</span> <span class='ocrx_word' id='word_1_410' title='bbox 108 2827 233 2856; x_wconf 77' lang='lat' dir='ltr'>capereo</span> <span class='ocrx_word' id='word_1_411' title='bbox 258 2817 296 2846; x_wconf 88' lang='lat' dir='ltr'>A.</span> <span class='ocrx_word' id='word_1_412' title='bbox 321 2818 471 2855; x_wconf 74' lang='lat' dir='ltr'>capharea</span> <span class='ocrx_word' id='word_1_413' title='bbox 503 2828 588 2846; x_wconf 77' lang='lat' dir='ltr'>rvca.</span> <span class='ocrx_word' id='word_1_414' title='bbox 617 2819 789 2856; x_wconf 82' lang='lat' dir='ltr'>capharaeo</span> <span class='ocrx_word' id='word_1_415' title='bbox 814 2816 890 2848; x_wconf 73' lang='grc'><strong>111111.</strong></span> <span class='ocrx_word' id='word_1_416' title='bbox 917 2820 1000 2849; x_wconf 75' lang='lat' dir='ltr'>conf.</span> <span class='ocrx_word' id='word_1_417' title='bbox 1019 2820 1052 2849; x_wconf 66' lang='lat' dir='ltr'>G.</span> <span class='ocrx_word' id='word_1_418' title='bbox 1075 2831 1123 2859; x_wconf 66' lang='lat' dir='ltr'>[fr.</span> <span class='ocrx_word' id='word_1_419' title='bbox 1149 2821 1216 2849; x_wconf 64' lang='lat' dir='ltr'>uici.</span> <span class='ocrx_word' id='word_1_420' title='bbox 1241 2820 1336 2859; x_wconf 59' lang='lat' dir='ltr'>mam]</span> <span class='ocrx_word' id='word_1_421' title='bbox 1359 2822 1521 2850; x_wconf 79' lang='lat' dir='ltr'>Venerunt</span> <span class='ocrx_word' id='word_1_422' title='bbox 1546 2821 1587 2849; x_wconf 85' lang='lat' dir='ltr'>ad</span> <span class='ocrx_word' id='word_1_423' title='bbox 1604 2825 1755 2851; x_wconf 69' lang='lat' dir='ltr'>casn-eum</span> <span class='ocrx_word' id='word_1_424' title='bbox 1773 2832 1863 2852; x_wconf 90' lang='grc'><strong>111011-</strong></span> 
     </span>
     <span class='ocr_line' id='line_1_38' title="bbox 40 2874 1861 2915; baseline 0.002 -12"><span class='ocrx_word' id='word_1_425' title='bbox 40 2878 105 2903; x_wconf 83' lang='lat' dir='ltr'>tem</span> <span class='ocrx_word' id='word_1_426' title='bbox 130 2877 160 2902; x_wconf 84' lang='lat' dir='ltr'>et</span> <span class='ocrx_word' id='word_1_427' title='bbox 186 2874 230 2902; x_wconf 89' lang='lat' dir='ltr'>ibi</span> <span class='ocrx_word' id='word_1_428' title='bbox 257 2874 458 2911; x_wconf 79' lang='lat' dir='ltr'>praecipitati</span> <span class='ocrx_word' id='word_1_429' title='bbox 484 2878 559 2903; x_wconf 84' lang='lat' dir='ltr'>sunt</span> <span class='ocrx_word' id='word_1_430' title='bbox 583 2878 774 2911; x_wconf 83' lang='lat' dir='ltr'>tempestate</span> <span class='ocrx_word' id='word_1_431' title='bbox 799 2884 824 2915; x_wconf 75' lang='grc' dir='ltr'>γ.</span> <span class='ocrx_word' id='word_1_432' title='bbox 875 2892 913 2895; x_wconf 96' lang='lat'>—</span> <span class='ocrx_word' id='word_1_433' title='bbox 951 2875 1097 2913; x_wconf 73' lang='lat' dir='ltr'>fecerant</span> <span class='ocrx_word' id='word_1_434' title='bbox 1119 2876 1196 2911; x_wconf 85' lang='lat' dir='ltr'>th.</span> <span class='ocrx_word' id='word_1_435' title='bbox 1223 2877 1290 2905; x_wconf 89' lang='lat' dir='ltr'>rell.</span> <span class='ocrx_word' id='word_1_436' title='bbox 1318 2887 1378 2906; x_wconf 90' lang='grc'><strong>0111.</strong></span> <span class='ocrx_word' id='word_1_437' title='bbox 1407 2876 1486 2906; x_wconf 84' lang='lat' dir='ltr'>Cum</span> <span class='ocrx_word' id='word_1_438' title='bbox 1512 2878 1578 2908; x_wconf 79' lang='lat' dir='ltr'>sch.</span> <span class='ocrx_word' id='word_1_439' title='bbox 1606 2878 1751 2915; x_wconf 83' lang='lat' dir='ltr'>longiore</span> <span class='ocrx_word' id='word_1_440' title='bbox 1778 2879 1809 2907; x_wconf 89' lang='lat' dir='ltr'>in</span> <span class='ocrx_word' id='word_1_441' title='bbox 1837 2878 1861 2907; x_wconf 89' lang='lat' dir='ltr'>C</span> 
     </span>
     <span class='ocr_line' id='line_1_39' title="bbox 40 2928 1862 2971; baseline 0.002 -12"><span class='ocrx_word' id='word_1_442' title='bbox 40 2928 124 2959; x_wconf 83' lang='lat' dir='ltr'>conf.</span> <span class='ocrx_word' id='word_1_443' title='bbox 151 2929 220 2971; x_wconf 62' lang='lat' dir='ltr'>sz:</span> <span class='ocrx_word' id='word_1_444' title='bbox 247 2929 400 2966; x_wconf 85' lang='lat' dir='ltr'>Tempore</span> <span class='ocrx_word' id='word_1_445' title='bbox 427 2939 486 2967; x_wconf 88' lang='lat' dir='ltr'>quo</span> <span class='ocrx_word' id='word_1_446' title='bbox 512 2931 599 2967; x_wconf 74' lang='lat' dir='ltr'>greci</span> <span class='ocrx_word' id='word_1_447' title='bbox 625 2934 737 2959; x_wconf 82' lang='lat' dir='ltr'>contra</span> <span class='ocrx_word' id='word_1_448' title='bbox 761 2931 874 2960; x_wconf 79' lang='lat' dir='ltr'>troiani</span> <span class='ocrx_word' id='word_1_449' title='bbox 901 2931 1138 2961; x_wconf 81' lang='lat' dir='ltr'>dimicauerunt</span> <span class='ocrx_word' id='word_1_450' title='bbox 1166 2933 1271 2961; x_wconf 84' lang='lat' dir='ltr'>ulixes</span> <span class='ocrx_word' id='word_1_451' title='bbox 1306 2937 1337 2962; x_wconf 91' lang='lat' dir='ltr'>et</span> <span class='ocrx_word' id='word_1_452' title='bbox 1370 2933 1446 2961; x_wconf 78' lang='lat' dir='ltr'>aiax</span> <span class='ocrx_word' id='word_1_453' title='bbox 1477 2934 1574 2962; x_wconf 81' lang='lat' dir='ltr'>furati</span> <span class='ocrx_word' id='word_1_454' title='bbox 1607 2938 1681 2962; x_wconf 84' lang='lat' dir='ltr'>sunt</span> <span class='ocrx_word' id='word_1_455' title='bbox 1711 2934 1749 2963; x_wconf 89' lang='lat' dir='ltr'>de</span> <span class='ocrx_word' id='word_1_456' title='bbox 1779 2935 1862 2964; x_wconf 82' lang='lat' dir='ltr'>troia</span> 
     </span>
     <span class='ocr_line' id='line_1_40' title="bbox 40 2985 1862 3026; baseline 0.003 -13"><span class='ocrx_word' id='word_1_457' title='bbox 40 2985 216 3022; x_wconf 86' lang='lat' dir='ltr'>palladium</span> <span class='ocrx_word' id='word_1_458' title='bbox 240 2985 261 3013; x_wconf 90' lang='lat' dir='ltr'>i.</span> <span class='ocrx_word' id='word_1_459' title='bbox 288 2990 427 3014; x_wconf 82' lang='lat' dir='ltr'>statuam</span> <span class='ocrx_word' id='word_1_460' title='bbox 451 2986 625 3014; x_wconf 82' lang='lat' dir='ltr'>mineruae.</span> <span class='ocrx_word' id='word_1_461' title='bbox 652 2987 690 3015; x_wconf 90' lang='lat' dir='ltr'>ob</span> <span class='ocrx_word' id='word_1_462' title='bbox 709 2995 803 3023; x_wconf 81' lang='lat' dir='ltr'>quam</span> <span class='ocrx_word' id='word_1_463' title='bbox 821 2986 989 3024; x_wconf 81' lang='lat' dir='ltr'>indignata</span> <span class='ocrx_word' id='word_1_464' title='bbox 1007 2988 1151 3016; x_wconf 75' lang='lat' dir='ltr'>minei-ua</span> <span class='ocrx_word' id='word_1_465' title='bbox 1169 2997 1249 3026; x_wconf 83' lang='lat' dir='ltr'>quae</span> <span class='ocrx_word' id='word_1_466' title='bbox 1266 2993 1359 3017; x_wconf 83' lang='lat' dir='ltr'>antea</span> <span class='ocrx_word' id='word_1_467' title='bbox 1378 2988 1496 3018; x_wconf 84' lang='lat' dir='ltr'>infesta</span> <span class='ocrx_word' id='word_1_468' title='bbox 1515 2993 1582 3018; x_wconf 80' lang='lat' dir='ltr'>erat</span> <span class='ocrx_word' id='word_1_469' title='bbox 1606 2990 1738 3019; x_wconf 84' lang='lat' dir='ltr'>troianis</span> <span class='ocrx_word' id='word_1_470' title='bbox 1756 2999 1862 3019; x_wconf 87' lang='lat' dir='ltr'>reuer-</span> 
     </span>
     <span class='ocr_line' id='line_1_41' title="bbox 39 3040 1860 3081; baseline 0.004 -13"><span class='ocrx_word' id='word_1_471' title='bbox 39 3040 181 3069; x_wconf 81' lang='lat' dir='ltr'>tentibus</span> <span class='ocrx_word' id='word_1_472' title='bbox 207 3041 309 3078; x_wconf 81' lang='lat' dir='ltr'>grecis</span> <span class='ocrx_word' id='word_1_473' title='bbox 334 3050 352 3069; x_wconf 87' lang='lat' dir='ltr'>a</span> <span class='ocrx_word' id='word_1_474' title='bbox 376 3041 503 3069; x_wconf 85' lang='lat' dir='ltr'>deuicta</span> <span class='ocrx_word' id='word_1_475' title='bbox 527 3042 609 3070; x_wconf 83' lang='lat' dir='ltr'>troia</span> <span class='ocrx_word' id='word_1_476' title='bbox 634 3042 713 3070; x_wconf 84' lang='lat' dir='ltr'>iram</span> <span class='ocrx_word' id='word_1_477' title='bbox 740 3051 829 3071; x_wconf 84' lang='lat' dir='ltr'>suam</span> <span class='ocrx_word' id='word_1_478' title='bbox 855 3042 994 3072; x_wconf 82' lang='lat' dir='ltr'>deuertit</span> <span class='ocrx_word' id='word_1_479' title='bbox 1020 3044 1052 3072; x_wconf 88' lang='lat' dir='ltr'>in</span> <span class='ocrx_word' id='word_1_480' title='bbox 1077 3053 1189 3080; x_wconf 84' lang='lat' dir='ltr'>grecos</span> <span class='ocrx_word' id='word_1_481' title='bbox 1208 3048 1239 3073; x_wconf 91' lang='lat' dir='ltr'>et</span> <span class='ocrx_word' id='word_1_482' title='bbox 1256 3045 1426 3081; x_wconf 84' lang='lat' dir='ltr'>praecipue</span> <span class='ocrx_word' id='word_1_483' title='bbox 1444 3045 1476 3073; x_wconf 91' lang='lat' dir='ltr'>in</span> <span class='ocrx_word' id='word_1_484' title='bbox 1494 3045 1614 3074; x_wconf 79' lang='lat' dir='ltr'>aiacem</span> <span class='ocrx_word' id='word_1_485' title='bbox 1632 3047 1723 3075; x_wconf 84' lang='lat' dir='ltr'>cuius</span> <span class='ocrx_word' id='word_1_486' title='bbox 1748 3055 1860 3075; x_wconf 85' lang='lat' dir='ltr'>nauem</span> 
     </span>
     <span class='ocr_line' id='line_1_42' title="bbox 42 3096 1861 3140; baseline 0.004 -16"><span class='ocrx_word' id='word_1_487' title='bbox 42 3096 148 3125; x_wconf 90' lang='lat' dir='ltr'>obruit</span> <span class='ocrx_word' id='word_1_488' title='bbox 165 3096 332 3126; x_wconf 86' lang='lat' dir='ltr'>inmittens</span> <span class='ocrx_word' id='word_1_489' title='bbox 351 3097 394 3126; x_wconf 86' lang='lat' dir='ltr'>eis</span> <span class='ocrx_word' id='word_1_490' title='bbox 411 3100 623 3134; x_wconf 77' lang='lat' dir='ltr'>tempestates</span> <span class='ocrx_word' id='word_1_491' title='bbox 641 3097 673 3126; x_wconf 92' lang='lat' dir='ltr'>in</span> <span class='ocrx_word' id='word_1_492' title='bbox 691 3101 816 3127; x_wconf 80' lang='lat' dir='ltr'>tantum</span> <span class='ocrx_word' id='word_1_493' title='bbox 834 3102 868 3127; x_wconf 81' lang='lat' dir='ltr'>ut</span> <span class='ocrx_word' id='word_1_494' title='bbox 885 3108 964 3136; x_wconf 86' lang='lat' dir='ltr'>pene</span> <span class='ocrx_word' id='word_1_495' title='bbox 982 3108 1090 3128; x_wconf 83' lang='lat' dir='ltr'>omnes</span> <span class='ocrx_word' id='word_1_496' title='bbox 1109 3100 1205 3128; x_wconf 82' lang='lat' dir='ltr'>duces</span> <span class='ocrx_word' id='word_1_497' title='bbox 1224 3109 1392 3138; x_wconf 84' lang='lat' dir='ltr'>grecorum</span> <span class='ocrx_word' id='word_1_498' title='bbox 1413 3101 1571 3130; x_wconf 86' lang='lat' dir='ltr'>obrueret.</span> <span class='ocrx_word' id='word_1_499' title='bbox 1634 3102 1691 3140; x_wconf 84' lang='lat'>20)</span> <span class='ocrx_word' id='word_1_500' title='bbox 1718 3103 1861 3140; x_wconf 79' lang='lat' dir='ltr'>pallasne</span> 
     </span>
     <span class='ocr_line' id='line_1_43' title="bbox 40 3152 1861 3197; baseline 0.003 -17"><span class='ocrx_word' id='word_1_501' title='bbox 40 3169 83 3172; x_wconf 88' lang='lat'>—</span> <span class='ocrx_word' id='word_1_502' title='bbox 107 3161 224 3181; x_wconf 85' lang='lat' dir='ltr'>noxam</span> <span class='ocrx_word' id='word_1_503' title='bbox 249 3162 309 3182; x_wconf 87' lang='lat' dir='ltr'>om.</span> <span class='ocrx_word' id='word_1_504' title='bbox 335 3153 363 3181; x_wconf 82' lang='lat'>2.</span> <span class='ocrx_word' id='word_1_505' title='bbox 389 3157 520 3182; x_wconf 73' lang='lat' dir='ltr'>euertere</span> <span class='ocrx_word' id='word_1_506' title='bbox 544 3153 583 3182; x_wconf 88' lang='lat' dir='ltr'>cl.</span> <span class='ocrx_word' id='word_1_507' title='bbox 610 3152 650 3183; x_wconf 88' lang='lat' dir='ltr'>A.</span> <span class='ocrx_word' id='word_1_508' title='bbox 700 3154 756 3193; x_wconf 88' lang='grc'>22)</span> <span class='ocrx_word' id='word_1_509' title='bbox 782 3154 858 3184; x_wconf 88' lang='lat' dir='ltr'>libri</span> <span class='ocrx_word' id='word_1_510' title='bbox 883 3154 957 3184; x_wconf 82' lang='lat' dir='ltr'>oilei</span> <span class='ocrx_word' id='word_1_511' title='bbox 980 3154 1043 3193; x_wconf 78' lang='lat' dir='ltr'>(oib</span> <span class='ocrx_word' id='word_1_512' title='bbox 1068 3155 1113 3194; x_wconf 92' lang='lat' dir='ltr'>A)</span> <span class='ocrx_word' id='word_1_513' title='bbox 1140 3165 1201 3184; x_wconf 87' lang='lat' dir='ltr'>uon</span> <span class='ocrx_word' id='word_1_514' title='bbox 1228 3156 1302 3186; x_wconf 81' lang='lat' dir='ltr'>Oili.</span> <span class='ocrx_word' id='word_1_515' title='bbox 1330 3156 1412 3186; x_wconf 84' lang='lat' dir='ltr'>conf.</span> <span class='ocrx_word' id='word_1_516' title='bbox 1431 3166 1525 3195; x_wconf 82' lang='lat' dir='ltr'>supra</span> <span class='ocrx_word' id='word_1_517' title='bbox 1544 3156 1579 3187; x_wconf 89' lang='lat' dir='ltr'>C.</span> <span class='ocrx_word' id='word_1_518' title='bbox 1604 3158 1645 3195; x_wconf 83' lang='grc' dir='ltr'>ΙΙ,</span> <span class='ocrx_word' id='word_1_519' title='bbox 1672 3158 1704 3197; x_wconf 78' lang='lat'>4,</span> <span class='ocrx_word' id='word_1_520' title='bbox 1723 3159 1753 3187; x_wconf 87' lang='lat'>5.</span> <span class='ocrx_word' id='word_1_521' title='bbox 1804 3158 1861 3196; x_wconf 83' lang='lat'>23)</span> 
     </span>
     <span class='ocr_line' id='line_1_44' title="bbox 42 3206 1717 3253; baseline 0.004 -16"><span class='ocrx_word' id='word_1_522' title='bbox 42 3206 191 3238; x_wconf 78' lang='lat' dir='ltr'>heiulatio</span> <span class='ocrx_word' id='word_1_523' title='bbox 216 3207 263 3250; x_wconf 85' lang='grc' dir='ltr'>Αγ</span> <span class='ocrx_word' id='word_1_524' title='bbox 287 3208 337 3247; x_wconf 84' lang='grc'><strong>(111</strong></span> <span class='ocrx_word' id='word_1_525' title='bbox 362 3210 459 3239; x_wconf 83' lang='lat' dir='ltr'>schol.</span> <span class='ocrx_word' id='word_1_526' title='bbox 485 3210 547 3239; x_wconf 78' lang='lat' dir='ltr'>sibi</span> <span class='ocrx_word' id='word_1_527' title='bbox 573 3210 724 3249; x_wconf 88' lang='lat' dir='ltr'>inconst.)</span> <span class='ocrx_word' id='word_1_528' title='bbox 749 3210 841 3253; x_wconf 62' lang='lat' dir='ltr'>BepR,</span> <span class='ocrx_word' id='word_1_529' title='bbox 867 3215 903 3241; x_wconf 91' lang='lat' dir='ltr'>ut</span> <span class='ocrx_word' id='word_1_530' title='bbox 926 3211 1017 3240; x_wconf 81' lang='lat' dir='ltr'>Harl.</span> <span class='ocrx_word' id='word_1_531' title='bbox 1042 3211 1150 3241; x_wconf 86' lang='lat' dir='ltr'>Ambr.</span> <span class='ocrx_word' id='word_1_532' title='bbox 1176 3211 1271 3241; x_wconf 83' lang='lat' dir='ltr'>Bern.</span> <span class='ocrx_word' id='word_1_533' title='bbox 1295 3211 1363 3243; x_wconf 81' lang='lat' dir='ltr'>AC.</span> <span class='ocrx_word' id='word_1_534' title='bbox 1391 3216 1451 3243; x_wconf 86' lang='lat' dir='ltr'>etc.</span> <span class='ocrx_word' id='word_1_535' title='bbox 1477 3214 1550 3244; x_wconf 79' lang='lat' dir='ltr'>edd.</span> <span class='ocrx_word' id='word_1_536' title='bbox 1577 3214 1717 3244; x_wconf 81' lang='lat' dir='ltr'>eiulatio.</span> 
     </span>
    </p>
   </div>
  </div>
 </body>
</html>
