2283 3535
561 552 877 606 CARMEN
928 552 1399 608 SAECVLARE.

885 663 1073 706 AGRON.

180 766 330 808 Phoebe
360 782 391 806 s.
414 780 456 821 p.
490 766 537 806 D.
599 762 838 805 Saecularis
870 764 1068 806 carminis
1099 764 1255 820 duplex
1287 764 1454 806 deuotio
1486 779 1575 805 esse
1607 773 1894 816 consueuerat,

67 847 136 882 aut
166 840 277 881 enim
308 854 385 894 pro
417 838 603 880 sedanda
634 846 671 879 et
703 838 905 879 uertenda
937 838 1194 893 pestilentia,
1242 845 1310 879 aut
1348 853 1425 893 pro
1457 845 1570 879 certo
1603 845 1642 879 ct
1673 840 1895 881 constituto

66 929 270 955 annorum
301 927 494 961 numer-03
542 912 769 953 centesimo
801 912 913 952 enim
944 912 1107 952 decimo
1138 926 1248 952 anno
1286 911 1328 951 in
1362 910 1575 966 Capitolio
1615 927 1638 952 a
1679 913 1821 967 pueris
1858 920 1896 953 et

65 987 216 1043 puellis
246 986 535 1041 impuberibus
558 985 815 1027 cantabatur.
877 984 978 1025 Ideo
1000 991 1138 1025 autem
1160 992 1350 1039 tempora
1372 991 1663 1026 muneraturus
1685 985 1737 1027 ab
1760 985 1896 1041 Apol-

65 1060 149 1101 line
180 1068 219 1101 et
249 1059 393 1101 Diana
425 1059 682 1115 principium
714 1059 903 1114 sumpsit,
936 1058 1034 1113 quia
1065 1058 1147 1113 ipsi
1178 1058 1222 1098 in
1252 1057 1410 1099 honore
1442 1058 1541 1100 solis
1562 1058 1825 1101 habebantur
1857 1068 1896 1101 ct

65 1134 202 1184 lunae,
233 1134 344 1175 unde
375 1133 593 1189 Vergilius
632 1132 819 1173 dicturus
858 1130 1102 1187 Georgicon
1141 1145 1310 1172 carmen
1349 1131 1425 1172 sub
1465 1131 1642 1172 aliorum
1680 1133 1898 1175 uocabulis

66 1203 285 1248 numinum
314 1207 429 1262 ipsos
460 1206 671 1247 inuocauit
706 1204 888 1262 [dicens]
928 1204 981 1254 (I,
1015 1205 1081 1260 5):
1131 1205 1201 1246 Vos
1232 1220 1253 1245 0
1287 1205 1513 1246 clarissima
1545 1206 1687 1247 munde·
1715 1207 1897 1255 Lumina,

66 1281 256 1322 labentem
289 1281 395 1322 caelo
427 1295 528 1335 quae
563 1281 706 1321 ducitis
736 1293 900 1330 annum,
937 1279 1051 1319 Liber
1083 1287 1119 1319 et
1149 1278 1257 1318 alma
1294 1278 1420 1319 Ceres.

179 1356 216 1395 2.
248 1370 269 1395 0
302 1355 375 1395 col.
409 1369 438 1395 s.
470 1369 499 1394 e.
535 1369 566 1394 c.
633 1352 796 1393 Colemle·
824 1352 867 1392 in
898 1352 1096 1400 futurum,
1130 1351 1230 1392 culti
1255 1351 1299 1391 in
1330 1351 1570 1405 praeterito.

180 1428 215 1469 5.
247 1428 362 1482 quod.
425 1425 534 1468 Cum
564 1425 701 1467 Roma
731 1425 971 1480 pestilentia
1001 1424 1226 1474 laboraret,
1260 1439 1310 1466 ex
1340 1424 1461 1466 libris
1486 1423 1709 1480 Sibyllinis
1740 1425 1899 1467 iussum

66 1507 139 1550 est,
180 1506 225 1541 ut
253 1499 346 1540 Diti
376 1499 495 1540 Patri
526 1499 580 1540 ad
609 1498 840 1539 Terentum
878 1499 1007 1554 stipes
1044 1498 1291 1539 mitteretur.
1350 1497 1447 1540 Hoc
1485 1498 1611 1539 etiam
1650 1499 1762 1540 idem
1802 1499 1901 1540 libri

64 1574 285 1624 iusserunt,
318 1581 360 1614 ut
392 1573 597 1616 nobilium
628 1572 752 1614 liberi
782 1572 826 1612 in
845 1569 1058 1627 Capitolio
1088 1571 1168 1612 hoc
1200 1585 1367 1612 carmen
1399 1578 1628 1613 cantarent.

175 1677 334 1709 ACRON.
382 1679 518 1717 Epodon
544 1679 683 1717 explicit
708 1678 823 1716 incipit
849 1685 977 1706 carmen
1003 1676 1165 1706 saeculare
1197 1676 1226 1705 A
1257 1676 1330 1705 Acr.
1368 1676 1406 1711 Q.
1440 1676 1571 1705 Horatii
1596 1676 1644 1705 Fl.
1679 1678 1766 1715 expl.
1801 1679 1901 1716 incip.

66 1744 160 1765 carm.
188 1744 268 1765 saec.
295 1735 380 1774 quod
405 1736 536 1773 patrimi
563 1739 593 1764 et
619 1736 786 1764 matrimae
812 1737 986 1763 cantarunt
1011 1734 1046 1762 in
1071 1733 1168 1762 choro
1194 1733 1375 1770 puellarum
1402 1736 1432 1762 et
1463 1742 1633 1771 puerorum
1659 1733 1700 1762 ad
1726 1734 1903 1771 apollinem

67 1796 98 1821 et
124 1793 255 1821 dianam
280 1793 460 1830 proseutice
484 1793 660 1822 tetracolos
684 1801 711 1834 γ.
738 1791 872 1829 Epodon
897 1789 1044 1828 explicit.
1070 1788 1173 1826 Incip.
1201 1798 1329 1819 carmen
1356 1789 1458 1819 sclare
1485 1800 1515 1828 q.
1535 1800 1564 1828 p.
1585 1793 1616 1819 et
1634 1800 1674 1819 m.
1693 1794 1902 1821 cantazcerunt

65 1848 107 1877 ad
129 1848 251 1878 chorum
275 1858 304 1887 p.
331 1853 362 1878 et
386 1859 416 1887 p.
442 1848 473 1878 in
497 1858 548 1887 ap.
574 1852 605 1877 ct
631 1849 662 1877 d.
688 1858 735 1886 pr.
763 1851 836 1877 tetr.
861 1848 891 1876 b.
919 1846 958 1881 Q.
987 1846 1108 1876 horatii
1135 1845 1225 1875 flacci
1252 1847 1374 1884 epodon
1402 1847 1488 1884 expl.
1516 1843 1530 1888 Η
1555 1845 1706 1876 feliciter.
1737 1848 1823 1885 quod
1847 1858 1903 1886 pa-

65 1906 155 1935 trimi
182 1909 213 1935 et
236 1907 406 1935 matrimae
432 1908 645 1935 cantauerunt
670 1905 709 1933 ad
735 1905 867 1933 chorum
904 1912 1073 1941 puerorum
1110 1903 1351 1941 puellarumque
1375 1902 1417 1932 K.
1451 1903 1524 1933 Vet.
1551 1903 1663 1933 Ambr.
1692 1903 1736 1933 O:
1771 1904 1809 1939 Q.
1836 1905 1903 1934 hor.

66 1962 98 1991 fl.
127 1962 250 2000 epodon
277 1963 362 2001 expl.
389 1962 508 2001 Incipit
535 1971 661 1992 carmen
688 1962 831 1991 seculare
862 1960 924 1999 leffe
954 1959 1107 1989 feliciter.
1158 1957 1296 1988 Carmen
1330 1960 1474 1989 seculare
1506 1960 1591 1997 quod
1624 1968 1654 1997 p.
1690 1964 1721 1989 et
1754 1970 1795 1989 m.
1829 1971 1904 1990 can-

65 2023 218 2050 tauerunt
244 2020 284 2049 ad
310 2020 359 2049 ch.
386 2030 416 2058 p.
442 2020 683 2058 puellarumque
709 2019 748 2047 ad
775 2018 953 2055 apollinem
978 2021 1010 2046 et
1040 2017 1169 2045 dianam
1194 2017 1377 2054 proseutice
1402 2016 1589 2046 tetracolos.
1626 2016 1653 2044 R
1678 2017 1775 2046 inser.
1803 2023 1902 2047 caret.

66 2077 252 2107 Notandum
277 2080 384 2106 autem
408 2078 462 2106 hic
485 2078 616 2106 breuius
642 2080 700 2113 est,
729 2077 761 2105 in
787 2075 880 2104 libris
895 2074 1084 2104 scholiorum
1101 2082 1163 2103 non
1182 2073 1325 2102 inueniri
1342 2073 1583 2102 memorabilem
1602 2073 1692 2103 illam
1709 2073 1902 2110 diorthosin‚

67 2143 148 2172 quae
171 2133 248 2163 inter
272 2133 321 2163 lib.
349 2133 473 2172 Epodon
498 2137 525 2162 et
551 2132 648 2162 Carm.
674 2142 755 2162 saec.
783 2132 904 2169 legitur
930 2131 962 2159 in
989 2134 1112 2168 septem
1138 2129 1217 2170 (non
1243 2130 1394 2168 quinque,
1433 2134 1470 2159 ut
1496 2130 1528 2159 in
1553 2130 1637 2159 libro
1664 2130 1703 2159 de
1729 2131 1798 2160 cod.
1823 2130 1903 2160 Bar-

67 2191 139 2223 cell.
167 2200 198 2229 p.
226 2192 243 2220 6
272 2191 359 2230 dixi)
385 2191 515 2221 Horatii
541 2191 714 2226 codicibus,
753 2189 841 2218 Parr.
868 2188 894 2217 E
922 2192 953 2218 et
983 2187 1011 2216 R
1045 2186 1165 2226 (8216)
1199 2186 1312 2224 Regin.
1344 2186 1491 2215 Bruxell.
1525 2185 1654 2215 Taurin.
1688 2186 1839 2216 Leidensi
1873 2191 1904 2216 et

69 2246 229 2285 Gothano,
256 2256 388 2286 quorum
413 2248 561 2285 princeps
586 2247 761 2284 pleniorem
787 2255 855 2275 eam
881 2246 938 2281 sic,
964 2254 1035 2274 cum
1050 2243 1251 2282 compendiis
1272 2243 1411 2281 quidem,
1440 2242 1591 2272 exhibet:
1619 2242 1656 2277 Q.
1675 2243 1795 2272 horatii
1814 2243 1903 2273 flacci

69 2305 193 2342 epodon
220 2305 368 2342 explicit.
395 2305 516 2333 uettius
542 2304 672 2342 agorius
697 2303 836 2332 basilius
861 2302 1016 2331 muortius
1044 2301 1100 2339 (al.
1126 2300 1315 2329 mauortius.
1342 2309 1402 2329 om.
1436 2299 1585 2337 Taurin.)
1621 2300 1671 2328 uir
1704 2300 1904 2329 clarissimus

67 2364 98 2389 et
124 2361 273 2389 inlustris
300 2369 447 2389 excomes
474 2361 670 2389 domesticus
697 2369 738 2388 ex
764 2360 931 2389 consulum
956 2358 1068 2387 ordine
1093 2346 1159 2394 legi
1186 2360 1216 2386 et
1234 2360 1269 2386 ut
1292 2357 1383 2394 potui
1410 2356 1580 2386 emendaui
1607 2355 1792 2385 conferente
1819 2357 1901 2385 mihi

67 2418 224 2456 magistro
248 2417 341 2446 felice
366 2421 488 2447 oratore
513 2417 601 2446 urbis
627 2426 742 2446 romae.
790 2415 908 2453 Incipit
933 2414 1096 2444 saeculare
1122 2423 1249 2443 carmen
1275 2413 1356 2451 quod
1387 2414 1511 2451 patrine
1537 2416 1752 2442 cantauerunt
1772 2413 1812 2441 ad
1829 2413 1905 2442 cho-

67 2483 137 2503 rum
161 2483 329 2512 puerorum
358 2474 612 2511 puellarumque.
661 2473 697 2502 In
731 2472 807 2502 Cod.
837 2482 855 2514 γ
886 2475 1060 2511 argumento
1092 2469 1312 2509 Porphyrionis
1342 2470 1599 2508 praemittuntur
1630 2470 1725 2498 haec:
1766 2468 1905 2498 Carmen

69 2531 140 2560 ideo
166 2531 284 2560 dicitur
308 2530 450 2559 seculare
475 2530 559 2568 quod
584 2539 639 2568 per
666 2532 794 2559 centum
820 2532 849 2558 et
878 2529 986 2557 decem
1012 2536 1111 2557 annos
1129 2527 1200 2556 ludi
1225 2527 1474 2556 celebrabantur
1490 2527 1597 2556 tribus
1616 2527 1730 2555 diebus
1751 2529 1781 2555 et
1799 2526 1904 2555 tribus

69 2587 229 2616 noctibus.
277 2586 416 2616 Metrum
440 2590 506 2616 tres
532 2586 663 2624 saplzici.
691 2588 822 2624 quartus
848 2585 1007 2623 dippodia.
1034 2584 1201 2614 Dixerunt
1226 2586 1332 2612 autem
1357 2583 1416 2613 hoc
1442 2591 1570 2612 carmen
1595 2583 1792 2611 secularibus
1818 2582 1904 2610 ludis

69 2651 146 2680 quos
173 2643 355 2672 celebrabat
381 2646 539 2681 augustus
565 2643 599 2672 in
625 2643 778 2680 capitolio
803 2645 877 2679 post
903 2645 1032 2670 centum
1058 2644 1090 2669 et
1115 2641 1225 2670 decem
1251 2649 1352 2670 annos
1377 2640 1523 2678 uirgines
1549 2642 1580 2668 et
1606 2639 1695 2676 pueri
1713 2639 1902 2676 pretextati.

182 2698 216 2737 2)
244 2699 387 2728 sedanda
411 2703 438 2728 et
452 2699 490 2728 A.
516 2700 585 2729 rell.
614 2699 756 2728 sedanda
780 2703 839 2728 ant.
866 2698 1011 2728 vertenda
1024 2697 1203 2726 ADXN12.
1222 2697 1401 2727 auertenda
1424 2697 1461 2726 R.
1487 2697 1575 2733 vulg.
1600 2695 1738 2725 uitanda.
1764 2699 1819 2725 aut
1843 2697 1903 2725 uit.

70 2765 129 2785 om.
154 2766 180 2785 r.
231 2756 265 2794 3)
293 2759 324 2785 et
351 2757 417 2786 (lec.
447 2757 497 2785 12.
548 2756 581 2795 5)
609 2756 684 2794 quia
708 2756 794 2785 libri.
821 2756 877 2794 qui
899 2756 999 2785 tacite
1025 2755 1087 2783 inc.
1116 2754 1153 2789 Q.
1205 2755 1239 2792 6)
1265 2754 1349 2784 unde
1362 2753 1547 2789 ARND2,1·.
1574 2753 1643 2782 rell.
1669 2756 1710 2781 ul.
1738 2753 1816 2781 dict.
1843 2751 1902 2781 Ge.

69 2821 166 2842 carm.
193 2812 349 2842 dicturus.
377 2812 555 2851 Georgicon
582 2812 679 2850 AN‚1·.
707 2811 936 2850 Georgicorum
962 2813 990 2840 2.
1018 2809 1206 2848 Georgicum
1231 2811 1296 2839 cfh.
1363 2808 1397 2848 9)
1425 2810 1491 2839 sch.
1519 2819 1579 2839 om.
1611 2807 1668 2837 1G.
1694 2809 1904 2846 praeteritum

68 2869 154 2898 libri.
181 2870 351 2907 praeterito
370 2868 394 2898 C
422 2869 463 2907 (Q
487 2870 613 2908 tacite).
667 2869 721 2907 10)
748 2869 827 2907 quod
842 2873 906 2898 uet.
932 2868 1082 2898 Ambros.
1110 2866 1198 2907 (cum
1223 2867 1349 2905 glossa:
1376 2865 1534 2903 tempus),
1561 2868 1596 2894 ut
1621 2864 1717 2894 Bern.
1736 2865 1809 2895 KA.
1828 2875 1845 2906 γ
1870 2866 1903 2894 in

70 2925 146 2955 Hor.
174 2923 286 2967 quossssy
309 2925 453 2964 (rasura)
473 2935 544 2955 cum
562 2926 685 2964 glossa:
713 2934 736 2954 s.
755 2929 881 2964 tempus
909 2929 968 2961 est,
996 2926 1028 2954 in
1047 2925 1218 2954 lemmate:
1244 2923 1321 2962 quod
1336 2922 1390 2952 sib.
1419 2932 1443 2951 s.
1469 2926 1606 2959 tempus.
1633 2922 1697 2950 sch.
1716 2931 1758 2951 ex
1774 2931 1800 2963 γ.
1820 2921 1902 2952 conf.

73 2980 108 3011 C.
132 2991 158 3023 γ.
184 2982 253 3011 rell.
281 2992 340 3012 om.
367 2982 450 3012 conf.
480 2982 552 3011 Val.
576 2982 665 3011 Max.
691 2981 731 3019 II,
759 2983 790 3019 4,
817 2982 833 3011 5
861 2986 892 3011 et
917 2982 1007 3010 Fest.
1037 2990 1062 3010 S.
1083 2991 1114 3010 u.
1135 2981 1317 3009 Terentum.
1344 2988 1415 3018 quos
1440 2979 1473 3007 id
1500 2982 1548 3007 est
1571 2987 1712 3007 romanos
1736 2978 1801 3007 AR.
1829 2988 1904 3016 quos

74 3038 186 3076 (etiam
211 3040 244 3068 in
267 3039 318 3083 Βφ
345 3043 440 3078 atque
466 3041 499 3069 in
523 3043 590 3068 uet.
617 3039 707 3068 Harl.
734 3041 763 3068 2.
791 3048 874 3069 saec.
893 3038 954 3077 IX)
983 3042 1086 3067 ortum
1113 3047 1155 3066 ex
1179 3038 1253 3066 lect.
1278 3036 1365 3074 vulg.
1392 3045 1452 3073 quo
1478 3035 1643 3074 Sibyllini.
1693 3035 1777 3068 Quod
1799 3044 1903 3073 neque

72 3095 113 3124 ad
137 3099 266 3133 tempore
287 3105 377 3125 sacro
401 3097 565 3133 pertinere
589 3100 697 3134 potest
722 3105 825 3134 neque
851 3096 892 3124 ad
918 3103 1041 3124 carmen
1058 3094 1164 3133 (date
1190 3102 1270 3131 quae
1287 3101 1454 3131 precamur
1471 3091 1615 3128 carmine,
1643 3092 1727 3130 quod
1745 3091 1902 3130 Sibyllini

73 3160 223 3181 monuere
246 3161 358 3181 uersus
382 3153 529 3190 uirgines
556 3169 593 3172 —
622 3169 664 3172 —-
690 3152 739 3180 dis
771 3152 887 3181 dicere'
921 3151 1006 3189 apud
1043 3150 1142 3180 Orell.
1174 3153 1320 3180 contorta
1351 3150 1546 3179 constructio
1578 3147 1651 3187 est),
1689 3148 1744 3177 sed
1780 3148 1902 3176 dictum

73 3208 204 3237 uidetur
227 3208 288 3237 hoc
312 3217 425 3238 sensu:
452 3218 484 3237 eo
509 3209 588 3247 quod
611 3209 754 3248 virgines
780 3209 933 3247 puerique
959 3209 1041 3237 casti
1068 3208 1131 3236 diis
1158 3216 1282 3236 carmen
1310 3206 1423 3236 dicunt
1450 3216 1489 3235 ex
1515 3204 1661 3245 Sibyllae
1688 3204 1828 3234 consilio.

212 3273 370 3299 flatrum„
389 3273 454 3294 Aen,
471 3274 510 3293 ET
527 3274 640 3294 Ponrn.
1599 3271 1630 3294 28

1945 1075 1961 1103 <51

1925 1441 1966 1472 lO
