2283 3535
851 210 896 240 IN
925 210 1056 243 EPOD.
1084 210 1125 240 V.
1818 200 1900 239 473

80 333 195 379 haec,
227 332 323 372 itcm
357 331 492 386 posita
522 331 711 386 epithcsi‚
745 338 1011 385 asperantur:
1055 333 1289 371 inresectmn
1316 332 1523 386 pollicem:
1569 339 1609 371 et.
1639 347 1761 373 saeua
1792 332 1902 372 deme

84 405 218 446 le'uido.
293 403 378 445 Sed
410 404 513 444 illud
545 403 736 453 adtende,
768 411 813 443 ut.
843 404 1004 443 duabus
1034 403 1392 457 propositionibus
1424 412 1679 458 exaggerata
1717 404 1767 444 sit
1798 405 1901 445 faci-

79 477 192 518 noris
223 477 437 525 atrocitas3
471 479 705 517 inresectum
739 491 813 529 pro
845 477 963 516 ualde
1001 486 1032 515 e!
1063 478 1220 531 saepius
1250 484 1410 517 seclum.

191 552 258 591 49.
292 552 385 604 quid
417 551 452 590 d.
486 565 521 590 (1.
554 564 585 604 q.
620 551 770 590 lacm't?
809 546 966 589 Sensus
998 555 1077 589 est:
1111 562 1216 602 quae
1249 548 1405 589 scelera
1427 563 1509 589 non
1542 548 1660 597 dixit,
1696 556 1764 589 aut
1797 562 1903 602 quae

80 623 245 665 silentio
277 622 505 677 praeterire
538 622 695 677 potuit?

191 712 212 737 o
244 697 324 737 reb.
356 711 404 736 m.
436 710 475 735 n.
508 697 533 737 τ’.
566 711 600 734 a.
661 694 776 734 Hinc
807 694 890 734 iam
923 693 1130 734 Canidiae
1161 693 1292 734 uerba
1323 701 1429 734 sunt.

192 769 256 809 53.
289 783 398 809 nunc
429 769 470 808 v'n
502 768 537 808 k.
572 768 608 807 d.
640 769 661 807 ι’.
695 776 770 822 atq.
804 782 840 806 n.
879 782 913 806 a.
990 766 1105 807 Varo
1146 766 1248 807 haec
1289 766 1543 821 inprecatur,
1590 781 1614 806 a
1654 780 1735 820 quo
1776 766 1902 806 fasti-

81 839 285 881 diebatur.

193 915 257 954 (50.
290 913 404 969 quale
435 929 473 953 n.
500 929 542 968 p.
576 929 624 953 m.
659 913 883 953 laborarint
913 927 962 953 m.
1035 911 1149 953 Hinc
1180 911 1301 960 scias,
1334 911 1463 960 illam,
1511 919 1554 952 ut
1586 911 1780 960 diximus,
1827 927 1904 951 un-

79 986 341 1042 guentariam
378 986 515 1027 fuisse.
576 984 772 1026 Adtende
810 992 948 1025 autem
979 985 1229 1026 locutionem
1261 984 1304 1024 in
1341 984 1585 1025 soloecismo
1618 985 1903 1025 constitutam:

80 1061 196 1115 quale
226 1074 307 1100 non
339 1058 577 1113 perfectius,
610 1073 702 1098 cum
736 1058 786 1098 sit
818 1057 1060 1098 dicendum:
1094 1072 1169 1112 quo
1200 1072 1282 1097 non
1314 1056 1551 1111 perfectius.

194 1133 257 1173 61.
296 1133 403 1182 Quid
434 1132 604 1172 accidit?
645 1145 717 1172 cm·
754 1132 790 1172 cl.
822 1132 855 1172 b.
886 1146 934 1171 m.
967 1146 1005 1171 n.
1037 1145 1086 1170 m.
1117 1146 1155 1171 n.
1231 1129 1494 1185 Indignatur,
1526 1144 1688 1169 uenena
1719 1144 1793 1170 sua
1822 1144 1905 1171 non

80 1205 150 1255 ita,
182 1212 224 1245 ut
256 1205 393 1254 uellet,
440 1204 627 1246 efficacia
658 1218 766 1254 esse,
813 1218 919 1258 quae
950 1217 1112 1244 uenena
1142 1202 1322 1243 Medeae
1353 1209 1502 1252 essent,
1550 1202 1696 1252 quibus
1726 1202 1798 1242 illa
1828 1217 1905 1253 usa„

81 1278 144 1329 sit,
179 1294 271 1320 cum
303 1293 346 1320 se
378 1278 428 1319 de
461 1278 621 1332 paelice
654 1292 727 1318 sua
760 1275 922 1318 Glauce
953 1276 1040 1316 ulta
1071 1282 1143 1316 est.

194 1353 257 1393 65.
291 1367 379 1392 cnm
406 1367 446 1406 p.
471 1360 495 1392 t.
528 1366 575 1390 m.
608 1351 800 1391 inbulwn.
862 1349 982 1390 Palla
1014 1363 1157 1389 manus
1187 1349 1324 1402 figura
1356 1356 1430 1396 est,
1465 1347 1701 1401 ἐπεὲήγησις
1733 1347 1903 1395 dicitur3

82 1426 170 1466 tabo
202 1432 339 1465 autem
370 1439 480 1464 nunc
512 1438 674 1464 ueneno.
736 1421 875 1462 Aliter
914 1423 1021 1475 Verq.
1063 1418 1136 1475 (A.
1169 1419 1250 1469 III,
1283 1419 1376 1470 28):
1424 1420 1516 1461 huic
1546 1429 1636 1461 otro
1668 1421 1908 1476 linquuntur

83 1499 279 1552 sanquine
307 1505 442 1551 qutlae
474 1497 525 1536 Et
556 1505 707 1536 terram
739 1496 826 1536 tabo
858 1495 1076 1536 maculant.

194 1571 258 1610 69.
290 1571 369 1610 incl.
402 1585 441 1611 u.
475 1586 507 1611 o.
540 1585 571 1611 c.
604 1570 676 1610 obl.
700 1569 902 1624 paelicum
928 1593 963 1597 —
988 1567 1186 1621 ueneficae
1216 1568 1434 1608 scientioris
1467 1568 1654 1607 carmine.
1717 1565 1909 1608 Obscura

81 1642 271 1692 elocutio,
305 1657 410 1697 quae
442 1643 502 1683 sic
533 1641 768 1683 ordinanda
800 1649 879 1682 est:
926 1640 1133 1681 Indormit
1164 1639 1374 1681 cubilibus
1405 1640 1542 1681 unctis
1574 1639 1787 1681 obliuione
1819 1655 1908 1680 om-

81 1715 195 1756 nium
228 1715 448 1770 paelicum.
508 1714 565 1755 Et
596 1723 656 1755 est
687 1729 850 1755 sensus:
883 1712 1037 1754 Nescio
1069 1727 1175 1767 quae
1207 1712 1403 1754 scientior
1434 1714 1621 1754 uenefica
1652 1712 1789 1753 cubile
1820 1712 1908 1753 eius

80 1789 202 1844 ungit
234 1788 334 1844 [qua
376 1795 469 1829 sunt
501 1787 787 1843 praesentiora
832 1786 1036 1827 ueneficia
1081 1785 1314 1840 (Medeae),
1363 1801 1468 1840 quae
1514 1785 1650 1827 cubile
1696 1784 1908 1840 (Jasonis)

83 1973 124 1978 --
149 1959 331 1992 asperantur
356 1955 388 1983 in
414 1953 500 1983 MZG
527 1954 688 1992 leguntur,
714 1953 825 1981 vitiata
851 1953 990 1990 quidem.
1022 1951 1097 1981 idem
1122 1952 1268 1989 positura
1299 1952 1453 1989 epithesz'a
1486 1956 1650 1990 sperantur
1685 1951 1722 1981 G.
1755 1951 1910 1989 epithesia

84 2014 254 2048 sperantem
281 2011 310 2040 2.
339 2010 473 2048 epithesc'
496 2013 687 2047 asperantur
711 2008 743 2037 M
769 2008 869 2046 (negl.
896 2008 922 2043 Q
947 2018 978 2045 p.
1003 2007 1157 2046 XXXII):
1184 2008 1235 2037 Ad
1260 2008 1326 2037 item
1351 2009 1433 2038 conf.
1460 2018 1490 2037 u.
1518 2009 1569 2045 37,
1599 2009 1653 2037 ubi
1679 2009 1744 2038 alia
1770 2013 1817 2038 est
1842 2008 1907 2046 epi-

82 2067 194 2096 thesis.
222 2066 322 2096 Codd.
350 2067 397 2096 illi
424 2067 549 2095 addunt
568 2065 695 2095 Horatii
721 2065 833 2094 uerba:
860 2064 1034 2092 inresectum
1050 2063 1191 2092 Pollicem
1216 2068 1242 2092 et
1265 2074 1367 2093 saeua.

197 2123 230 2161 2)
253 2123 528 2161 propositionibus
553 2122 588 2151 M
613 2122 734 2159 (Halm.
762 2125 857 2150 recte.
883 2120 966 2157 negl.
995 2120 1031 2154 Q.
1057 2120 1078 2148 1.
1106 2118 1154 2157 1.).
1200 2119 1241 2157 (et
1265 2121 1361 2150 dente
1387 2120 1425 2150 G.
1452 2131 1466 2150 e
1492 2122 1586 2150 dente
1612 2121 1646 2150 M
1670 2131 1732 2151 sec.
1758 2121 1795 2156 Q.
1824 2120 1844 2149 l.
1871 2120 1908 2158 l.)

83 2178 166 2208 dente
189 2178 279 2207 liuida
304 2178 414 2216 (libido
438 2178 472 2207 M
500 2188 540 2207 111.
571 2177 626 2215 5.).
652 2177 741 2219 *(Βφι
768 2176 953 2205 inresectum.
980 2185 1042 2204 non
1067 2180 1226 2206 resectum
1252 2176 1289 2213 (i.
1310 2187 1371 2206 non
1390 2181 1510 2207 sectum
1528 2178 1595 2220 Βφ)
1622 2179 1678 2207 sed
1704 2178 1910 2206 adherentem

85 2235 216 2273 corpori.
242 2235 294 2264 uel
320 2235 417 2264 etiam
443 2235 551 2272 sepius
578 2237 699 2263 sectum
725 2233 830 2262 dente.
850 2231 890 2260 C:
920 2232 1014 2260 valde
1040 2235 1174 2261 sectum.
1225 2233 1258 2270 6)
1287 2233 1360 2261 hinc
1384 2233 1458 2262 MG.
1485 2233 1532 2262 hic
1550 2233 1576 2262 R
1595 2233 1694 2272 (nunc
1718 2233 1818 2271 Acr.).
1839 2233 1910 2262 edd.

87 2291 169 2322 haec.
194 2291 263 2334 Βφι
298 2292 396 2320 uerba
421 2291 562 2319 canidiae
593 2289 774 2319 inuocantis
808 2293 933 2318 noctem
968 2292 1000 2317 et
1030 2288 1158 2318 dianam
1191 2290 1210 2318 i.
1248 2289 1353 2318 lunam
1384 2294 1420 2318 ut
1450 2291 1516 2318 suis
1548 2290 1715 2319 maleficiis
1749 2290 1909 2318 adessent.

87 2348 121 2386 7)
147 2347 226 2385 inpr.
252 2347 312 2390 My.
338 2348 394 2376 hoc
419 2357 444 2388 γ.
472 2346 643 2376 fastiditur.
672 2347 723 2375 hic
749 2346 832 2374 enim
858 2348 923 2374 erat
947 2346 1082 2374 maritus
1109 2346 1176 2374 eius
1201 2355 1227 2386 γ.
1278 2346 1312 2384 9)
1339 2351 1373 2375 ut
1392 2346 1536 2375 diximus
1554 2346 1585 2374 h.
1604 2347 1624 2374 l.
1643 2346 1727 2375 libri.
1747 2345 1791 2380 Q:
1810 2345 1911 2374 fuisse

86 2407 120 2433 ut
146 2403 298 2433 diximus.
350 2404 405 2442 10)
431 2404 643 2432 elocucionem
668 2402 699 2431 in
722 2401 892 2431 soloecismo
917 2402 1125 2430 constitutam
1150 2401 1213 2430 MR
1238 2406 1269 2431 et
1294 2406 1358 2431 uet.
1385 2403 1438 2431 lib.
1465 2402 1506 2430 H.
1535 2402 1689 2439 Stephani
1720 2401 1769 2439 (in
1794 2402 1910 2439 Porph.

85 2460 243 2489 Emendd.
269 2470 299 2498 p.
330 2458 419 2498 156).
447 2460 501 2489 loc.
530 2460 563 2489 in
591 2460 779 2489 soloecismo
804 2458 835 2486 in
860 2458 1065 2487 constitutam
1092 2456 1129 2486 G.
1158 2458 1226 2487 edd.
1255 2468 1315 2488 om.
1344 2460 1375 2488 in
1402 2459 1598 2488 soloecismo.
1616 2459 1690 2488 eloc.
1709 2458 1913 2487 constitutam

87 2527 152 2547 rva.
177 2519 251 2547 eloe.
271 2518 508 2547 constitutz'uam
524 2518 569 2546 fh.
590 2517 778 2546 locutionem
798 2516 824 2550 Q
843 2525 913 2544 cum
933 2514 970 2544 G.
1023 2515 1076 2552 11)
1104 2515 1231 2550 Qualem
1255 2515 1298 2543 M.
1352 2514 1407 2553 12)
1432 2515 1542 2544 rvafh:
1569 2515 1763 2552 Indignatur
1789 2523 1912 2542 uenena

86 2573 218 2603 Medeae
244 2583 325 2611 esse,
351 2574 466 2611 quibus
495 2591 531 2593 —-
561 2574 675 2610 pellice
701 2582 758 2601 sua
783 2573 850 2601 ulta
876 2576 937 2600 est.
986 2572 1021 2600 Iu
1039 2571 1081 2600 II.
1101 2571 1258 2608 Stephani
1286 2571 1361 2608 (1.1.
1389 2581 1418 2608 p.
1450 2572 1543 2609 156);
1570 2576 1634 2600 uet.
1661 2571 1742 2599 libro
1768 2569 1911 2598 defectus

88 2630 132 2659 ita
158 2630 341 2667 suppletur:
366 2630 436 2658 Ind.
463 2639 535 2658 uen.
564 2639 621 2658 sua
649 2647 684 2650 --
714 2637 782 2657 esse
806 2627 1047 2666 quemadmodum
1072 2637 1102 2656 u.
1130 2627 1215 2656 Med.
1242 2631 1317 2662 sunt,
1345 2628 1462 2665 quibus
1482 2645 1521 2647 2*
1537 2637 1592 2656 sua
1623 2627 1735 2656 Glauce
1759 2627 1827 2654 ulta
1853 2630 1911 2654 est..

87 2686 128 2715 H.
155 2686 265 2724 Steph.
293 2687 361 2724 ipse
387 2687 507 2715 uoluit:
534 2696 621 2724 quum
645 2685 778 2714 Medeae
804 2694 925 2713 uenena
950 2684 1017 2713 sint.
1070 2685 1123 2722 13)
1150 2693 1224 2722 qnae
1251 2701 1290 2704 —
1316 2688 1410 2711 essent
1433 2682 1657 2721 MRAQGffi).
1711 2683 1765 2720 14)
1794 2681 1913 2711 Glauce

88 2742 156 2773 RG.
183 2743 288 2772 clauce
305 2743 339 2771 M
365 2743 464 2781 (teste
492 2742 528 2777 Q.
556 2742 661 2771 Halm.
687 2742 833 2770 lacunam
858 2741 1014 2778 reliquit).
1042 2741 1109 2769 rell.
1130 2750 1189 2769 om.
1212 2740 1336 2769 Glauce.
1356 2739 1426 2782 szt
1454 2740 1565 2768 Tacite
1591 2739 1729 2768 ostendit
1756 2738 1912 2767 canidiam

88 2809 165 2830 uaro
191 2801 320 2829 dedisse
345 2800 496 2829 ueneficia
526 2800 581 2828 sed
608 2809 669 2828 non
695 2800 739 2827 ita
764 2798 948 2836 prouenisse
974 2801 1009 2826 ut
1034 2797 1189 2825 uoluerat.
1240 2796 1442 2834 Quapropter
1475 2796 1666 2832 indignatur
1698 2804 1824 2824 uenena
1857 2804 1914 2823 sua

90 2866 154 2886 non
179 2857 224 2886 ita
248 2861 284 2885 ut
308 2856 404 2884 uellet
429 2854 688 2893 et'ficaciafnz'sse
713 2864 792 2892 quae
817 2863 944 2883 uenena
968 2854 1096 2882 medeae
1122 2853 1262 2882 dicuntur
1275 2851 1377 2890 fuisse
1402 2853 1460 2881 hoc
1487 2856 1535 2880 est
1560 2851 1673 2889 quibus
1700 2851 1757 2879 illa
1780 2860 1839 2879 usa
1863 2854 1914 2878 est.

90 2921 160 2941 cum
185 2921 217 2940 se
243 2912 281 2940 de
306 2912 405 2949 pelice
431 2920 486 2940 sua
507 2910 698 2950 glaucefllia
722 2910 849 2939 creontis
878 2911 947 2938 ulta
973 2914 1032 2938 est.
1085 2909 1140 2946 15)
1166 2908 1309 2937 inbutum
1336 2912 1362 2936 et
1385 2907 1417 2936 M
1444 2907 1498 2944 (Q,
1526 2908 1677 2936 imbutum
1703 2906 1839 2945 Halm)
1868 2906 1915 2934 in·-

93 2968 206 2997 butum
230 2966 323 3009 BgoG.
348 2966 488 2996 imbutum
512 2967 641 3004 plurimi
669 2970 747 2996 uett.
775 2967 866 2995 codd.
893 2971 929 2995 ut
952 2965 1046 2993 Fran.
1072 2974 1089 3005 γ
1114 2974 1183 2993 cum
1209 2964 1317 3002 glossa
1341 2963 1490 2999 infectum.
1516 2963 1665 3001 infectum.
1692 2963 1732 2992 al.
1758 2963 1913 2992 imbutum

94 3025 109 3053 1
136 3033 167 3053 m
191 3024 300 3053 Ambr.
326 3023 468 3062 infectum
492 3023 697 3061 pureKPar.
722 3023 763 3060 A,
789 3021 891 3051 rvafh.
909 3039 947 3043 -—
963 3017 1135 3064 ἐφεξῑγησις
1159 3030 1205 3049 rV.
1231 3021 1345 3049 lacuna
1369 3020 1481 3049 relicta
1498 3020 1529 3048 in
1547 3018 1614 3048 RG.
1666 3017 1722 3057 16)
1748 3020 1915 3057 linquntur

92 3088 117 3107 r.
143 3080 223 3107 conf.
248 3079 401 3108 Ribbeck.
432 3079 642 3117 (linguntur).
710 3076 765 3117 17)
790 3078 926 3107 maculat
948 3077 1017 3106 MR.
1043 3076 1174 3106 maculet
1195 3087 1219 3105 r.
1247 3076 1335 3114 pelic.
1362 3075 1395 3104 M
1420 3080 1469 3105 ter
1495 3076 1614 3113 (Halm.
1643 3076 1722 3113 pael.
1749 3075 1801 3114 Q).
1857 3075 1914 3112 20)

93 3144 174 3173 quae
199 3151 240 3156 b
264 3136 355 3173 ungit
381 3145 408 3176 γ.
434 3136 501 3164 rell.
529 3145 588 3164 om.
630 3153 671 3156 -—
712 3135 826 3164 Nescio
850 3144 909 3173 qna
932 3134 1004 3163 MR.
1030 3142 1123 3172 quare
1146 3132 1249 3162 rvafh.
1277 3141 1332 3161 cm·
1358 3130 1484 3170 2G(Q).
1513 3141 1582 3161 uen.
1611 3141 1689 3169 quae
1715 3130 1827 3165 cubile,
1854 3140 1914 3160 om.

94 3191 218 3229 Medea,
244 3195 368 3231 ungyzmt,
393 3200 453 3221 om.
478 3192 619 3229 Jasonis,
646 3192 678 3221 M
705 3191 826 3229 (Halm.
855 3191 943 3220 una-lt
957 3190 1001 3229 Q.)
1026 3189 1169 3227 R,rvash.
1219 3189 1275 3227 21)
1301 3188 1432 3218 Medeae
1459 3206 1497 3209 —e
1525 3188 1654 3218 Jasonis
1679 3187 1768 3216 unaeit
1792 3186 1854 3216 QG.

1936 990 1971 1021 10

1935 1716 1976 1748 20
