2283 3535
1824 201 1846 239 (51

1850 201 1903 239 Ξ

771 205 815 235 ΙΝ
845 206 977 237 EPOD.
1005 206 1102 239 XIII.
1129 206 1224 238 XIV.

195 326 231 366 8.
265 326 319 366 ad
350 326 450 366 umb.
485 326 577 366 add.
625 324 696 365 Ad
729 327 1042 380 perfectionem,
1075 329 1127 368 ad
1158 329 1294 369 finem.

194 400 229 438 9.
263 400 417 439 arsisse.
477 397 669 447 Amasse,
703 408 742 438 ut
776 398 845 451 (B.
878 399 934 449 ΙΙ,
972 402 1030 455 l):
1082 402 1316 442 Formoswn
1343 412 1485 457 pastor
1522 404 1703 460 Corydon
1739 406 1905 447 ardebat

81 470 254 511 Alexim.

194 543 391 599 Bathyllo.
450 542 671 598 Bathyllus
715 543 1004 586 Pantomimus
1036 546 1125 596 fuit,
1172 547 1223 587 de
1269 563 1350 601 quo
1381 549 1477 589 Juu.
1523 548 1619 601 (VI,
1653 551 1747 603 63):
1797 553 1908 593 molli

79 578 251 657 lialtante
286 617 483 672 Bathyllo.

195 690 258 729 10.
291 689 543 731 Anacreonta
582 691 726 730 Telum.
787 689 959 732 Poetam
993 707 1016 732 a
1048 692 1152 734 Teia
1185 694 1487 749 (oriundumf‘).

197 764 272 802 11..
306 764 375 818 qui
394 776 582 818 persaepe
616 777 718 803 cmm
742 764 878 804 lestud.
900 766 991 820 fleu.
1014 781 1189 808 amorem
1210 783 1291 809 non
1314 770 1360 809 el.
1385 769 1438 809 ml
1454 769 1544 824 ped.
1621 768 1706 820 Qui
1739 777 1906 823 praeter

77 842 254 875 metrum
285 850 469 876 amorem
501 851 618 876 suum
650 835 843 876 flebiliter
873 839 1116 880 cantauerit.
1300 828 1302 831 .

192 908 255 948 13.
286 910 415 949 ‘ureris
448 910 470 949 ι’.
503 924 551 949 m.
610 907 698 949 Aut
729 910 849 950 ualde
881 910 998 960 dixit,
1036 919 1104 952 aut
1137 915 1288 962 misere,
1336 914 1580 955 consolandi
1613 929 1751 965 causa,
1792 896 1904 957 'tam-

77 995 201 1035 quam
233 981 303 1035 qui
335 981 417 1022 frui
449 989 587 1021 amata
609 997 691 1022 non
714 990 864 1035 posset.
926 982 1051 1035 Quod
1074 984 1124 1025 de
1147 984 1359 1035 Terentia,
1398 1001 1504 1040 quae
1526 987 1614 1028 eius
1636 995 1737 1037 erat,
1770 988 1902 1044 signi-

75 1054 192 1095 ficari
223 1070 306 1096 non
337 1055 483 1109 potuit,
517 1062 556 1095 et
587 1055 637 1095 de
668 1062 845 1110 patrono
876 1055 1108 1110 incongrue
1139 1058 1359 1099 dicebatur
1399 1059 1688 1116 (clice1·etu1'?).

188 1129 292 1184 quod
321 1131 357 1170 si
383 1143 461 1170 aon
487 1129 715 1184 pulchrior.
777 1128 846 1184 [Id
877 1128 971 1186 est,]
1018 1145 1101 1171 non
1133 1131 1281 1172 melior
1312 1146 1437 1186 quam
1469 1133 1615 1186 (quam
1647 1148 1753 1188 quae
1766 1135 1803 1189 Ρ)
1849 1144 1901 1185 te,

76 1201 146 1252 ait,
168 1202 264 1252 urit,
286 1201 527 1243 Maecenas.
571 1200 696 1254 Quod
713 1201 955 1257 gratificans
972 1202 1075 1243 dicit
1091 1202 1328 1255 Terentiae,
1351 1220 1473 1260 quam
1491 1207 1647 1247 amauit
1663 1206 1902 1249 Maecenas.

75 1334 218 1364 horatius
244 1343 371 1364 causam
396 1344 492 1372 quare
518 1344 535 1363 a
561 1334 756 1363 carminibus
782 1338 887 1364 cesset
912 1335 1022 1364 dicens
1049 1344 1081 1364 se
1106 1335 1142 1364 ab
1167 1336 1295 1373 apolline
1315 1338 1506 1375 prohibitam.
1533 1340 1566 1368 ni
1592 1339 1649 1368 illa
1665 1349 1767 1377 usque
1784 1340 1826 1369 ad
1840 1351 1902 1370 izm-

75 1389 193 1420 bz‘licum
210 1391 403 1428 produceret
430 1391 450 1419 i.
476 1400 575 1428 usqne
601 1391 641 1419 ad
667 1391 771 1419 tinem.
798 1390 887 1419 Dicit
912 1391 998 1419 enim
1023 1392 1216 1421 naturaliter
1240 1392 1408 1422 umbilicum
1432 1404 1553 1432 ponens
1579 1405 1634 1433 pro
1661 1396 1723 1425 fine
1742 1397 1817 1434 quia
1834 1407 1897 1426 nm-

75 1447 189 1476 bilicus
216 1448 249 1476 in
276 1448 380 1476 medio
406 1456 534 1484 corpore
560 1447 705 1475 existens
731 1450 762 1475 et
789 1447 966 1483 superioris
1001 1451 1032 1476 et
1059 1447 1219 1478 inferioris
1246 1450 1343 1486 partis
1376 1451 1518 1488 corporis
1552 1454 1583 1480 et
1615 1452 1690 1481 hinc
1721 1453 1797 1481 inde
1829 1453 1901 1482 finis

75 1508 123 1533 est
150 1503 200 1542 (l).
226 1503 327 1533 Multo
352 1504 470 1533 rectius
497 1503 520 1531 C
547 1504 576 1532 in
604 1503 748 1541 longiore
775 1503 896 1533 scholio
923 1508 953 1532 et
976 1513 994 1545 γ
1011 1503 1139 1533 Ambr.:
1165 1505 1207 1534 ad
1223 1505 1398 1535 umbilicum.
1425 1507 1465 1535 ad
1484 1507 1722 1544 perfectionem.
1749 1509 1788 1537 ad
1807 1509 1901 1538 tinem

74 1560 148 1589 libri
174 1559 243 1598 (ubi
271 1570 385 1589 cornua.
410 1557 509 1589 sunt?
536 1560 616 1588 conf.
643 1559 713 1588 Tib.
741 1558 797 1595 ΙΙΙ,
827 1561 854 1596 1,
886 1560 933 1588 13.
962 1559 1059 1589 Ouid.
1086 1560 1121 1591 T.
1149 1561 1173 1598 Ι,
1203 1564 1231 1597 1,
1259 1563 1290 1593 8.
1318 1563 1459 1592 Martial.
1486 1563 1633 1600 X1,108,
1664 1565 1707 1602 1),
1733 1564 1836 1603 quibus
1862 1575 1903 1594 ex

74 1627 146 1646 osse
171 1618 251 1646 solet
277 1617 445 1646 umbilicus
471 1617 570 1654 astigi.
599 1616 679 1646 conf.
706 1616 823 1653 Porph.
848 1616 1001 1645 mnbillcus
1027 1627 1081 1654 pro
1101 1618 1162 1646 fine
1182 1622 1212 1647 et
1230 1620 1506 1649 consummatione
1525 1619 1587 1662 Βφ.
1614 1619 1651 1648 In
1668 1630 1778 1650 rmvca
1795 1621 1903 1658 glossa

73 1673 184 1703 arsisse
208 1683 324 1703 amasse
350 1675 455 1711 posita
480 1678 539 1702 est.
599 1673 634 1711 4)
662 1672 803 1711 Bathyllo
829 1674 941 1710 scripsi
968 1683 1038 1703 cum
1064 1674 1122 1703 ΚΕ
1150 1675 1285 1713 aliisque
1313 1680 1344 1704 et
1369 1685 1440 1705 cum
1465 1686 1479 1705 r
1504 1685 1584 1713 quae
1609 1686 1667 1705 om.
1694 1677 1842 1716 bathyllo
1869 1679 1902 1707 in

72 1730 177 1759 letum.
204 1731 357 1769 atquem
395 1731 516 1759 scholio
542 1729 702 1768 bathyllus
741 1733 771 1757 et
808 1729 942 1759 batliz’llo
977 1730 1082 1759 habet.
1132 1731 1254 1760 Nomen
1284 1732 1342 1760 hoc
1373 1741 1523 1769 graecum
1557 1733 1705 1762 nouimus
1738 1742 1780 1762 ex
1809 1733 1900 1763 Max.

72 1786 150 1826 Tyr.
177 1788 229 1818 24.
256 1797 284 1824 p.
312 1788 373 1815 481
403 1787 482 1825 (R),
508 1786 562 1815 ubi
587 1785 756 1815 Anacreon
781 1795 906 1814 amasse
933 1790 963 1815 et
988 1786 1140 1816 laudasse
1165 1788 1305 1817 traditur
1329 1793 1454 1825 praeter
1480 1782 1607 1831 ᾅσματα
1626 1784 1777 1831 Σμέρδιος
1795 1785 1902 1831 Κύμης

72 1841 126 1873 καὶ
149 1845 212 1873 τῶν
240 1838 441 1884 Κλεοβούλου
467 1839 645 1885 ὀφθαλμῶν
671 1839 725 1871 καὶ
749 1842 806 1883 τῆς
832 1837 1002 1872 Βαθύλλου
1028 1839 1112 1884 ὥρας
1137 1844 1289 1873 Parthen.
1318 1846 1345 1873 7.
1379 1843 1493 1874 Statua
1520 1845 1588 1874 eius
1607 1845 1771 1882 descripta
1788 1850 1835 1875 est
1862 1847 1902 1876 ab

71 1899 205 1937 Apuleio
229 1899 310 1929 Flor.
337 1900 377 1936 11,
405 1900 445 1929 45
472 1910 501 1937 p.
529 1900 580 1928 54.
609 1898 758 1928 Oudend.
785 1902 881 1936 atque
905 1899 1011 1936 imago
1038 1900 1106 1929 eius
1134 1901 1166 1929 in
1200 1910 1274 1929 vase
1309 1901 1522 1930 Anacreontis
1556 1910 1623 1930 esse
1656 1902 1776 1930 dicitur
1805 1911 1833 1931 a.
1868 1902 1901 1931 S.

72 1955 180 1985 Birch.
208 1957 239 1985 in
266 1956 433 1985 Archaeol.
460 1955 541 1984 Brit.
569 1955 604 1983 T.
630 1954 735 1983 XXXI
760 1964 790 1992 p.
810 1956 884 1992 257,
912 1960 945 1984 ut
971 1956 1229 1993 conspiciebatur
1247 1958 1279 1986 in
1298 1957 1421 1987 tumulo
1445 1958 1668 1988 Anacreontis.
1698 1959 1751 1987 adi
1784 1958 1900 1997 Antip.

72 2010 141 2041 Sid.
168 2012 264 2042 Anth.
285 2013 351 2041 Pal.
370 2012 383 2040 I
402 2022 429 2050 p.
450 2012 525 2040 315.
545 2012 624 2040 conf.
653 2011 751 2040 Orell.
777 2012 818 2040 ad
843 2012 872 2041 h.
900 2012 920 2040 l.
947 2012 982 2040 In
1007 2013 1099 2041 libris
1125 2014 1277 2042 scribitur
1304 2018 1335 2043 et
1360 2013 1487 2043 bathillo
1504 2014 1532 2042 A
1549 2014 1641 2043 Bai-c.
1669 2014 1781 2044 Ambr.
1807 2014 1900 2045 Bern.

72 2069 112 2098 A.
138 2069 255 2108 batyllo
279 2079 296 2111 γ
320 2069 415 2098 Fran.
442 2069 481 2105 Β,
508 2077 553 2097 ca.
581 2072 611 2097 et
636 2068 746 2097 batillo
771 2067 863 2097 Harl.
891 2068 1011 2110 tf>D‚mv
1039 2068 1115 2106 (non
1140 2069 1300 2108 Bathyllo,
1337 2074 1373 2099 ut
1399 2070 1456 2099 ref.
1485 2070 1523 2104 Q.
1549 2071 1647 2099 habet
1673 2071 1705 2099 in
1730 2071 1898 2101 lemmate:

73 2126 112 2154 ‘a.
139 2126 178 2155 b.'
205 2130 235 2155 et
262 2126 295 2154 in
321 2126 440 2155 scholio
466 2125 595 2154 bacillus
626 2128 656 2153 et
681 2124 807 2162 batillo)
841 2123 917 2159 th.
949 2125 1011 2154 Hic
1044 2126 1078 2155 in
1108 2126 1182 2155 Acr.
1215 2127 1336 2163 recepit
1370 2126 1495 2163 Batillo,
1528 2127 1560 2155 in
1591 2126 1708 2163 Porph.
1743 2127 1898 2166 Bathyllo.

72 2181 223 2220 bachyllo.
251 2181 288 2211 G.
316 2183 391 2211 conf
411 2181 443 2210 M
470 2181 614 2219 (Porph.)
641 2181 705 2218 qui,
732 2180 861 2210 Halmio
888 2184 981 2217 teste,
1007 2181 1040 2210 in
1064 2182 1213 2211 lemmate
1246 2182 1367 2221 achyllo
1400 2183 1433 2211 in
1465 2183 1583 2212 scholio
1614 2182 1757 2221 bachyllo
1788 2184 1898 2214 habet.

73 2237 191 2277 batyllo.
230 2238 353 2268 Nomen
378 2238 478 2276 pueri.
503 2237 679 2267 notandum
704 2236 836 2266 arisisse
860 2236 980 2265 batillo.
1008 2247 1071 2267 non
1107 2238 1244 2268 batillum
1278 2248 1304 2280 γ.
1342 2238 1426 2267 conf.
1464 2239 1592 2276 longius
1629 2238 1728 2268 schol.
1766 2249 1816 2277 ap.
1857 2239 1898 2269 C:

72 2293 195 2324 Nomen
212 2299 260 2323 est
276 2295 366 2332 pueri
384 2294 524 2323 adamati
544 2293 699 2323 abAnacr.
720 2298 780 2323 etc.
807 2292 844 2321 In
863 2293 931 2323 loco
944 2293 1040 2331 Verg.
1059 2303 1142 2323 omn.
1161 2295 1235 2323 libri
1249 2295 1321 2323 Aer.
1339 2295 1461 2324 habent
1478 2294 1654 2332 formosum,
1673 2304 1737 2325 non
1752 2295 1898 2325 formans.

185 2350 220 2388 G)
248 2355 374 2388 poetam
400 2350 437 2379 de
462 2350 528 2379 teia
552 2350 591 2379 A.
617 2359 722 2379 anacr.
750 2349 876 2378 theium.
904 2357 922 2377 a
948 2349 1051 2388 theyio
1077 2354 1204 2388 poetam
1229 2361 1253 2379 r.
1281 2351 1349 2380 rell.
1377 2351 1448 2380 edd.
1476 2361 1493 2380 a
1519 2352 1583 2380 teia
1602 2351 1687 2388 (siue
1712 2351 1804 2390 Teia)
1824 2361 1899 2389 poe-

72 2410 149 2436 tam.
174 2406 219 2436 R:
245 2416 263 2436 a
286 2408 353 2436 teia
377 2410 514 2444 poetam.
541 2407 607 2435 teia
632 2416 687 2444 pro
712 2410 778 2444 teg.
805 2414 833 2434 a.
859 2414 892 2447 γι
918 2404 1015 2436 teiam.
1043 2415 1061 2435 a
1086 2407 1222 2436 ciuitate
1246 2410 1282 2436 ut
1307 2407 1386 2435 alibi
1413 2407 1454 2444 (O
1481 2407 1506 2444 Ι,
1528 2408 1579 2443 17,
1602 2407 1674 2445 18):
1701 2407 1805 2445 etficle
1831 2408 1897 2437 tela.

74 2462 115 2492 C:
142 2473 160 2492 a
183 2463 252 2492 loco
279 2466 307 2492 et
334 2463 478 2499 ciuitate,
505 2463 588 2491 unde
613 2460 674 2492 fuit
698 2462 861 2499 oriundus,
899 2468 935 2492 ut
960 2468 1019 2493 etc.
1046 2464 1111 2506 Βφῑ
1150 2475 1168 2493 a
1193 2465 1261 2494 loco
1287 2466 1341 2494 ubi
1367 2469 1462 2494 natus
1488 2471 1536 2494 est
1561 2474 1729 2494 anacreon.
1758 2466 1793 2494 2:
1821 2467 1899 2494 :lna--

72 2524 192 2549 creante
217 2521 270 2557 qui
296 2521 391 2549 teius.
418 2520 502 2557 quod
528 2519 680 2557 oppidum
705 2523 753 2548 est
780 2520 948 2558 phrygiae.
1007 2520 1040 2558 7)
1065 2525 1192 2559 propter
1228 2525 1362 2550 metrum
1400 2521 1457 2550 Rl.
1489 2531 1548 2559 per
1585 2526 1659 2551 met.
1699 2520 1898 2560 cathGiO.

69 2580 191 2613 praeter
216 2580 361 2605 metrum.
389 2576 488 2609 Ain-v
528 2576 628 2613 (negl.
666 2576 707 2613 Q)
744 2580 839 2612 recte⁷
878 2580 913 2605 ut
942 2581 1069 2614 praeter
1105 2577 1354 2613 consueteallnem.
1390 2581 1532 2606 natm‘am
1569 2576 1636 2606 Cic.
1673 2577 1751 2606 Diu.
1777 2578 1817 2615 ΙΙ,
1846 2578 1898 2606 28.

73 2637 199 2669 praeter
223 2633 352 2662 modum
378 2632 443 2661 Cic.
470 2632 564 2661 Tusc.
592 2632 630 2667 V,
657 2632 709 2660 36.
737 2636 862 2669 praeter
887 2642 1005 2662 morem
1031 2633 1102 2662 Ter.
1130 2633 1229 2662 Andr.
1255 2633 1292 2669 V,
1320 2634 1349 2669 3,
1378 2634 1405 2662 8.
1448 2633 1490 2662 Et
1524 2634 1609 2661 enim
1641 2633 1747 2662 uerbis
1776 2637 1900 2671 praeter

73 2692 197 2716 metrum
222 2689 404 2725 explicatur
429 2697 537 2716 uersus
566 2688 623 2716 12:
649 2697 707 2716 non
733 2687 914 2717 elaboratum
939 2689 981 2717 ad
997 2689 1114 2727 pedem.
1164 2689 1248 2718 Hinc
1275 2690 1466 2726 amplificam
1492 2690 1616 2718 lemma.
1658 2688 1779 2718 Sensus
1804 2690 1899 2727 plane

75 2745 250 2782 exponitur
275 2745 307 2774 in
332 2754 365 2786 γε
404 2745 523 2773 dicitur
548 2752 654 2772 amore
679 2744 787 2773 batilli
813 2753 969 2774 anacreon
996 2754 1070 2782 sepe
1108 2746 1249 2774 carmina
1272 2746 1335 2774 siue
1354 2746 1465 2784 pedum
1489 2745 1548 2784 leye
1573 2745 1699 2775 fecisse.
1737 2745 1788 2774 uel
1825 2746 1899 2783 quia

74 2810 232 2831 anacreon
257 2811 395 2830 amorem
422 2811 512 2830 suum
540 2801 669 2837 scripsit
693 2810 751 2829 non
771 2800 909 2839 perfecto
931 2801 1006 2838 pede
1030 2801 1083 2830 secl
1105 2801 1311 2831 modulatione.
1333 2803 1375 2830 C:
1405 2802 1597 2831 elaboratum.
1616 2801 1802 2839 perfectum,
1828 2811 1898 2838 per-

75 2859 216 2888 duct-um.
243 2867 277 2899 γε
304 2857 377 2886 elab.
404 2858 600 2895 perductum.
622 2858 726 2895 pedem
752 2859 845 2887 tinem
874 2857 958 2900 23⁹0·
1008 2858 1041 2894 9)
1069 2857 1188 2886 Misere
1213 2859 1304 2895 posui
1330 2858 1569 2895 cumA2l‚rmv
1588 2858 1639 2896 (ut
1656 2858 1898 2887 antecedentem

74 2913 245 2943 lectionem
264 2917 398 2951 praeter,
426 2914 471 2942 sic
497 2914 579 2942 hanc
605 2915 690 2951 negl.
720 2914 762 2951 Q)
789 2924 844 2952 pro
869 2913 959 2942 miser
985 2913 1106 2950 (Hor),
1137 2914 1220 2951 quod
1245 2918 1315 2951 post
1347 2913 1518 2943 Curionem
1552 2919 1582 2942 et
1613 2913 1805 2943 Ascensium
1837 2914 1898 2942 Fa-

74 2970 194 2999 bricius
221 2970 290 3009 (fh)
317 2970 513 3006 introduxit,
545 2979 637 3007 quem
664 2969 690 3003 Q
718 2974 843 2999 secutus
869 2973 928 3005 est,
966 2969 1015 2997 cui
1043 2969 1154 2998 ‘altera
1179 2979 1253 3007 pars
1277 2970 1355 3008 quod
1394 2988 1434 2991 —
1475 2969 1627 2999 dicebatur
1652 2979 1716 3000 non
1741 2970 1843 3007 liquet
1868 2974 1900 2999 et.

75 3026 147 3056 fort.
174 3036 214 3056 ex
239 3027 355 3065 Porph.
383 3027 506 3055 scholio
530 3027 613 3055 male
639 3027 785 3056 conflata'
813 3027 951 3055 uidetur.
1001 3026 1089 3061 Quod
1117 3027 1231 3055 iterum
1258 3026 1419 3063 dolemus3
1457 3027 1542 3055 clara
1568 3026 1654 3055 enim
1679 3027 1786 3055 omnia
1812 3031 1896 3061 sunt⁷

75 3086 169 3121 atque
192 3083 297 3113 Acron
323 3084 386 3112 alia
410 3084 547 3121 aliisque
572 3083 668 3120 plane
693 3084 799 3113 uerbis
825 3083 956 3121 profert.
1008 3083 1063 3121 10)
1089 3083 1173 3121 quod
1198 3087 1250 3112 aut
1273 3083 1460 3112 lactei-entia
1485 3081 1562 3120 (sic)
1580 3082 1621 3112 A.
1640 3086 1804 3121 tamquam
1822 3081 1896 3117 frui,

76 3149 137 3169 om.
164 3140 218 3177 qui
243 3149 265 3168 r.
290 3143 400 3177 posset
424 3148 516 3177 quae,
545 3148 606 3168 om.
631 3138 710 3177 quod
731 3139 766 3169 de
804 3138 952 3176 Terentia,
985 3138 1188 3176 R2l,rmvea.
1207 3139 1291 3177 quod
1316 3139 1355 3168 de
1372 3139 1526 3168 Terentia
1550 3136 1712 3178 th(G‘?).
1766 3138 1820 3175 11)
1847 3137 1897 3166 di-

77 3194 224 3226 cebantur
246 3198 353 3233 l‚rmv.
372 3196 440 3226 rell.
460 3196 639 3225 dicebatur.
657 3205 715 3225 non
732 3205 870 3235 congrue
888 3197 914 3232 1,
934 3205 995 3226 non
1013 3205 1072 3226 om.
1093 3196 1122 3225 2.
1140 3195 1203 3235 ipse
1219 3195 1308 3225 miser
1324 3194 1371 3225 hic
1386 3195 1491 3225 misere
1508 3199 1564 3226 aut
1581 3195 1676 3226 ualde
1690 3195 1726 3224 R.
1778 3192 1833 3231 12)
1859 3193 1897 3223 Id

1952 632 1970 661 5

1929 995 1971 1028 10
