2283 3535
359 181 441 222 432
993 191 1096 223 ACR.
1121 192 1181 223 ET
1207 190 1373 223 PORPH.
1402 191 1549 224 coMM.

473 324 510 358 et
540 332 569 358 s.
602 330 639 357 n.
672 331 705 357 r.
740 317 771 357 Ι.
834 313 970 373 Signa
1000 315 1115 365 dicit,
1148 329 1255 370 quae
1277 315 1474 370 adempta
1493 315 1698 358 Romanis
1718 315 1937 360 interfecto
1958 332 2053 359 cum
2075 332 2190 360 exer-

360 388 444 430 citu
475 404 499 430 a
528 388 699 431 Parthis
732 387 887 431 Crasso
920 390 1025 431 duce
1056 389 1276 445 Augustus
1306 389 1586 444 recuperauit.

473 463 509 503 9.
540 462 690 504 Ianum
725 464 771 514 Q.
805 464 850 504 cl.
911 463 963 503 Id
994 470 1067 512 est,
1099 476 1248 517 pacem
1278 461 1434 517 ubique
1464 462 1584 511 fecit3
1630 468 1729 504 tunc
1759 463 1871 504 enim
1903 463 2188 515 claudebatur,

358 534 459 576 belli
488 549 588 576 uero
619 542 807 591 tempore
838 536 1028 591 patebat3
1065 550 1163 576 nam
1195 542 1234 576 et
1274 537 1381 590 Verq.
1412 535 1559 577 uolens
1589 536 1809 578 ostendere
1830 542 2079 592 perpetuam
2109 552 2186 592 pa-

291 617 309 647 5
359 622 450 650 cem
480 609 677 659 futuram,
709 609 769 651 sic
800 609 877 650 ait:
916 609 1166 651 Clcz'udentur
1196 609 1292 650 bella·
1315 618 1468 664 portae.

472 691 508 723 ec
539 684 625 725 ord.
656 698 690 724 r.
723 699 752 724 e.
784 684 813 737 s.
847 684 871 724 l.
903 684 928 723 i.
989 680 1109 724 Ordo
1140 688 1221 723 est:
1254 681 1398 723 iniecit
1427 682 1546 723 frena
1576 681 1772 724 licenffiae
1804 682 1996 724 ordinem
2026 690 2188 725 rectum

359 754 568 812 euaganti.

472 830 536 869 18.
581 843 661 870 non
690 829 813 882 furor
845 842 876 869 e.
908 843 940 869 e.
973 843 1008 868 α.
1040 842 1080 868 u.
1113 829 1244 883 exz'yet
1288 844 1321 870 ο.
1396 829 1543 884 Exiqet
1586 843 1699 870 nunc
1739 830 1925 871 excludet
1964 828 2188 885 significat,

357 901 477 956 quasi
510 901 587 946 ἔξω
620 908 730 957 aget,
783 908 828 942 ut
868 902 957 942 Ter.
1004 900 1160 955 (Andr.
1201 901 1306 956 prol.
1349 903 1400 942 27
1438 901 1544 957 Fl.):
1606 903 1841 958 spectandae
1880 918 1933 944 an
1972 904 2191 958 eoez'qendae

290 984 331 1015 10
359 974 459 1032 [sint
487 974 634 1031 uobis]

473 1050 537 1090 19.
569 1063 651 1090 non
681 1050 708 1090 τ’.
740 1063 772 1104 q.
798 1049 993 1105 procudit
1023 1063 1145 1090 enses.
1204 1047 1410 1089 Producit
1438 1047 1477 1087 h.
1510 1061 1544 1089 e.
1575 1047 1767 1089 fabricat.

470 1124 536 1163 20.
568 1138 598 1163 e.
630 1137 680 1163 m.
697 1123 879 1164 inimicat
907 1138 945 1164 u.
1006 1122 1191 1163 Ine'mz'eat
1218 1121 1361 1162 fictum
1391 1120 1568 1162 uerbum
1599 1128 1661 1163 est
1684 1121 1728 1178 [i.
1750 1121 1820 1179 e.],
1852 1122 2046 1165 inimicas
2075 1122 2189 1165 facit.

471 1197 536 1237 24.
568 1211 606 1237 n.
642 1197 679 1238 T
678 1198 803 1238 anain
826 1212 869 1252 p.
899 1197 940 1252 sl.
974 1211 1006 1237 0.
1069 1194 1249 1250 Scythas
1281 1193 1503 1250 significat.

469 1270 535 1310 30.
567 1270 671 1326 lydis
702 1271 858 1311 remisso
891 1285 923 1311 e.
956 1277 980 1310 t.
1041 1267 1177 1310 Aiunt
1206 1274 1290 1309 tres
1321 1267 1467 1309 modos
1489 1267 1689 1309 tibiarum
1709 1282 1819 1310 esse:
1852 1268 2067 1320 Jonioum,
2098 1268 2188 1325 Ly-

290 1353 331 1384 15
357 1343 486 1393 dium,
519 1342 769 1384 Barbarum.

470 1418 536 1459 31.
568 1418 635 1458 32.
668 1426 702 1458 ec
733 1417 862 1458 almae
884 1432 929 1473 p.
956 1418 993 1459 V.
1013 1431 1043 1458 c.
1105 1416 1155 1457 Id
1188 1422 1261 1465 est,
1294 1422 1463 1470 gentem
1484 1413 1657 1466 Juliam,
1690 1430 1797 1471 quae
1828 1415 1881 1457 ab
1903 1414 2004 1458 Julo
2035 1422 2189 1472 nepote

356 1490 538 1533 Veneris
559 1490 738 1532 oriunda
760 1490 1032 1532 existimatur.

473 1631 505 1669 1)
532 1640 603 1660 cum
628 1639 732 1659 exerc.
759 1629 830 1658 MR.
858 1638 963 1658 exerc.
991 1638 1051 1658 om.
1079 1629 1108 1657 2.
1176 1629 1210 1667 9)
1238 1637 1292 1658 ero
1317 1627 1353 1657 R.
1384 1637 1420 1657 επ
1450 1637 1483 1657 eo
1513 1638 1537 1658 r.
1571 1632 1657 1657 extra
1682 1628 1747 1658 afh.
1774 1645 1816 1649 -—
1842 1628 1885 1658 ait
1912 1627 1974 1658 MR
2004 1628 2073 1666 agit
2099 1627 2188 1665 2G‚r.

356 1688 425 1717 rell.
451 1691 529 1725 aget.
581 1688 636 1726 11)
662 1687 808 1725 producit
831 1686 875 1723 M,
901 1689 936 1715 ut
961 1686 1035 1715 Acr.
1061 1685 1130 1715 rell.
1155 1685 1316 1723 procudit.
1342 1686 1489 1723 producit
1513 1685 1562 1715 bis
1589 1684 1627 1715 G.
1681 1686 1735 1726 12)
1762 1686 1822 1715 hoc
1847 1689 1897 1715 est
1922 1695 1983 1716 om.
2009 1684 2080 1715 MR.
2132 1685 2187 1724 14)

356 1743 464 1784 Lydiis
488 1744 559 1773 MR.
585 1761 626 1764 —
653 1743 735 1774 conf.
762 1743 862 1782 Epod.
888 1742 943 1779 IX,
972 1744 1001 1772 6.
1053 1742 1108 1782 16)
1134 1742 1198 1772 iulo
1222 1741 1287 1771 M2.
1313 1742 1382 1771 rell.
1409 1743 1497 1772 iulio.

354 1847 737 1892 PORPHIRION
752 1845 1210 1891 GRAMMATICVS
1224 1846 1285 1888 IN
1304 1844 1528 1888 LIBROS
1551 1844 1887 1889 CARMINVM
1903 1845 2080 1888 FINIT.
2094 1846 2186 1902 (R).

1043 1916 1106 1969 (in
1137 1916 1288 1973 epodon
1318 1915 1499 1970 incipit).

607 2067 646 2120 †)
678 2065 727 2106 M
758 2065 906 2106 transit
937 2065 991 2105 ad
1021 2066 1159 2106 Artem
1182 2065 1378 2121 poetieam
1409 2077 1504 2104 cum
1534 2061 1613 2104 hac
1643 2062 1937 2117 inscriptione:

538 2138 768 2181 INCIPIT
798 2136 1083 2181 EIVSDEM
1114 2136 1373 2180 CARMEN
1403 2136 1489 2178 DE
1520 2134 1684 2178 ARTE
1715 2134 2001 2178 POETICA.
