2170 3460
844 101 892 132 IN
918 101 1064 134 CARM.
1091 103 1124 139 1,
1151 107 1181 134 5.
1874 92 1926 132 23

97 222 275 279 perfidia
313 222 556 264 mulierum:
605 221 706 278 [Eia
752 236 831 278 age
871 237 1019 278 rumpe
1064 224 1222 281 moras]
1270 225 1436 266 Varzfmn
1480 233 1515 266 et
1551 226 1738 268 mutabile
1775 240 1928 281 semper

101 297 275 338 Femina.

211 371 248 410 7.
282 368 440 425 [Niqris
471 371 611 411 uentis.
673 368 723 409 Id
754 376 828 419 est,
861 369 1116 426 contrariis]

210 442 248 483 8.
281 442 475 483 [molens.
534 441 809 484 Inconsuetus
841 449 881 484 et
910 443 1153 498 inexpertus
1184 457 1371 485 amorem
1402 444 1682 486 meretricum.

210 516 246 555 9.
278 513 435 556 Aurea.
495 514 722 556 Pulchram
754 522 822 556 aut
855 522 964 557 certe
996 516 1169 558 diuitem
1201 517 1289 558 siue
1323 516 1558 571 simplicem
1590 516 1812 571 significat.

212 588 276 628 10.
316 589 503 638 laeuam,
543 604 696 645 semper
727 589 947 632 amabilem.
1008 588 1102 631 Sibi
1145 597 1379 640 uacantem,
1419 589 1508 631 sinc
1547 589 1656 639 dolo,
1696 589 1790 629 aliis
1829 603 1929 630 con-

97 660 280 715 temptis,
313 675 386 702 suo
418 661 550 702 amori
582 661 903 703 deseruientem.

211 735 276 774 11.
310 735 374 774 12.
407 735 544 776 Aurae
588 735 765 788 fallacis.
831 734 1132 777 Mutabilitatis
1177 736 1371 777 feminae.
1412 761 1460 766 -—
1506 736 1661 778 Miseri.
1738 733 1929 790 [Scilicet

99 805 228 862 sunt].
288 805 403 848 Mira
434 807 636 849 uarietate
673 808 822 857 utitur3
862 808 1041 850 (licendo
1072 809 1184 850 enim
1215 823 1326 850 nunc
1358 823 1428 850 eos
1458 810 1636 858 miseros,
1677 808 1819 864 quibus
1850 807 1931 849 ful-

98 879 225 935 gebat
255 881 500 936 intemptata,
542 881 661 935 quasi
702 880 869 922 beatum
911 896 954 923 se
986 882 1216 936 profitetur,
1256 882 1327 937 qui
1359 881 1443 923 iam
1474 881 1527 923 ab
1560 895 1609 922 ea
1640 881 1785 931 euasit,
1826 880 1932 922 sicut.

96 952 139 994 in
171 952 443 1008 sequentibus
475 953 588 995 dicit.

212 1027 276 1067 12.
312 1027 375 1067 13.
412 1027 568 1077 Quibus
606 1029 837 1083 intemptata
876 1030 988 1070 nites.
1050 1026 1118 1070 Ac
1154 1029 1188 1071 si
1227 1029 1406 1071 diceret:
1453 1028 1591 1070 adhuc
1629 1042 1714 1070 non
1753 1027 1932 1083 probata

96 1099 314 1154 ignoranti
345 1100 452 1141 nites
482 1107 521 1141 et
552 1100 707 1155 places.

211 1173 275 1214 13.
311 1174 373 1214 14.
412 1174 478 1215 Me
519 1174 657 1215 tabula
688 1189 804 1215 sacer
842 1175 979 1216 Vote'aa
1006 1177 1156 1231 paries.
1224 1175 1479 1230 Metaphora
1519 1190 1543 1215 a
1581 1174 1812 1230 naufragis,
1860 1174 1932 1228 qui

97 1245 322 1287 euadentes
353 1245 544 1288 cladibus
574 1246 659 1288 suis
690 1247 824 1302 pictas
855 1246 1019 1289 tabulas
1055 1248 1296 1302 praeferunt
1338 1255 1375 1289 et
1417 1262 1512 1290 cum
1543 1246 1695 1302 quibus
1723 1246 1932 1288 euaserint

96 1319 295 1369 uestibus,
329 1333 399 1361 eas
418 1318 605 1375 Neptuni
637 1320 794 1376 templo
825 1320 1098 1376 suspendunt,
1130 1328 1173 1362 ut
1206 1321 1391 1363 quenal.
1423 1320 1571 1375 (XIV,
1590 1321 1713 1376 310):
1747 1321 1933 1373 Naufra-

96 1407 170 1448 qas
203 1407 342 1434 assem.
409 1393 507 1435 Cum
540 1402 656 1448 rogat
686 1402 719 1435 et
742 1395 855 1450 picta
877 1409 916 1435 se
938 1402 1161 1450 tempestate
1183 1402 1328 1444 tuetur,
1363 1403 1398 1436 et
1425 1395 1535 1449 ἵεν-9.
1569 1393 1643 1448 (A.
1666 1392 1774 1444 XII,
1808 1392 1931 1447 768):

101 1466 268 1507 Seruati
293 1480 344 1506 ex
365 1466 485 1507 fundis
504 1467 576 1507 ube·
598 1466 720 1522 fiqere
743 1467 849 1508 dona
870 1468 1059 1508 solebant.
1105 1466 1202 1509 Hoc
1224 1474 1362 1509 autem
1384 1482 1459 1522 per
1481 1466 1729 1522 allegoriam
1751 1465 1933 1508 ostendit

97 1546 191 1594 post
210 1539 442 1580 nuditatem
472 1554 590 1580 suam
611 1554 635 1580 a
656 1539 888 1581 meretricis
911 1539 999 1581 cius
1020 1555 1162 1582 amore
1184 1555 1227 1582 se
1248 1540 1483 1582 liberatum.
1513 1566 1552 1570 —
1585 1541 1729 1582 L‘aicla.
1761 1538 1934 1580 madida

99 1611 302 1668 [melius]
362 1611 563 1654 Madidus
595 1618 734 1653 autem
765 1613 1037 1663 extrinsecus,
1070 1613 1222 1655 uuidus
1254 1613 1517 1655 intrinsecus.

210 1685 275 1726 16.
308 1685 440 1728 Maris
473 1685 555 1726 deo.
616 1683 827 1740 Neptuno.

834 1814 1194 1859 PORPHYRION.

207 1903 417 1959 Pyrrham
438 1903 706 1946 meretricem
729 1904 984 1959 adloquitur,
1009 1905 1125 1947 cuius
1148 1905 1422 1947 calliditatem
1444 1905 1647 1961 ignorans
1669 1904 1739 1954 ait,
1763 1917 1806 1946 se
1829 1917 1932 1958 quo-

110 1991 190 2032 que
219 1977 262 2018 in
293 1991 478 2019 amorem
509 1976 598 2019 eius
628 1976 879 2032 implicitum
911 1980 1116 2034 susceptis
1146 1979 1254 2021 uotis
1284 1979 1453 2021 tandem
1485 1978 1681 2020 euasisse.

213 2077 245 2115 1)
287 2076 346 2105 Eia
364 2093 404 2097 -
422 2085 523 2106 moras
547 2085 605 2105 om.
632 2076 731 2113 ANR,
742 2086 766 2105 r.
793 2077 918 2107 uarium
951 2081 978 2107 et
1009 2078 1110 2114 codd,
1138 2086 1204 2107 uar.
1236 2087 1272 2107 ac
1297 2077 1414 2107 nicasii.
1465 2077 1499 2116 3)
1526 2077 1666 2115 glossam
1694 2076 1726 2105 in
1753 2075 1842 2104 codd.
1869 2083 1932 2105 non

98 2132 225 2162 obuiam
243 2132 336 2162 Fabr.
356 2132 479 2161 intulit.
528 2132 563 2171 4)
589 2131 789 2161 inconsuetus
807 2132 962 2170 ANRGl,
990 2132 1043 2170 Cr,
1068 2133 1214 2163 insuetus
1234 2134 1263 2169 2,
1289 2143 1347 2162 ozon
1371 2136 1546 2163 consuetus
1564 2141 1666 2170 nivea,
1691 2136 1863 2161 consuetus
1878 2130 1930 2161 fh.

98 2198 240 2218 amorum
266 2187 345 2217 mfh.
388 2189 422 2228 5)
449 2187 561 2226 signif.
589 2197 648 2218 om.
669 2188 707 2218 A.
752 2188 786 2226 6)
816 2189 861 2218 sic
886 2189 999 2218 lemma
1024 2190 1056 2218 in
1076 2189 1115 2218 A.
1142 2189 1309 2219 contemtis
1327 2189 1389 2218 Nl.
1416 2190 1479 2219 sibi
1506 2189 1564 2219 soli
1591 2192 1735 2226 paratam
1760 2180 1932 2218 contemtis

101 2245 174 2273 aliis
200 2245 371 2274 amabilem
397 2253 453 2273 suo
480 2253 540 2273 am.
569 2244 693 2273 deseru.
721 2243 756 2273 C.
799 2245 834 2282 8)
863 2246 908 2274 sic
934 2246 1048 2282 scripsi
1065 2255 1135 2274 cum
1161 2245 1220 2275 Rr.
1247 2246 1398 2274 femineae
1425 2244 1462 2281 C,
1492 2244 1558 2274 rell.
1586 2244 1749 2274 mutabilis
1781 2245 1932 2280 feminae.

99 2300 193 2330 faeni.
232 2301 323 2330 soem.
379 2299 452 2329 Scit.
489 2304 557 2329 sant
590 2300 722 2342 Rffler,
756 2310 817 2329 om.
856 2300 960 2330 AN12
999 2301 1144 2330 mvcafh.
1178 2302 1281 2331 utitur
1310 2301 1346 2329 R.
1379 2302 1484 2330 utitur
1517 2310 1577 2330 om.
1612 2300 1705 2329 ANl.
1740 2301 1809 2329 rell.
1853 2301 1931 2329 mira

98 2357 243 2386 uarietas.
292 2357 326 2395 9)
354 2357 438 2386 enim
471 2365 550 2385 nunc
575 2355 611 2385 R.
646 2356 729 2385 enim
765 2366 825 2386 oin.
851 2357 898 2394 N,
924 2357 991 2386 rell.
1026 2357 1161 2387 dicendo
1185 2358 1270 2386 enim
1297 2367 1361 2387 eos.
1397 2356 1440 2387 C:
1474 2357 1556 2386 Nam
1593 2366 1662 2386 cum
1689 2357 1767 2385 dicit
1797 2366 1847 2385 eos
1872 2357 1932 2385 mi—

99 2421 195 2449 seros,
222 2413 338 2450 quibus
364 2413 511 2450 placebat
537 2413 643 2441 adhuc
666 2421 726 2441 ‘non
743 2412 875 2450 probata
900 2422 933 2442 se
959 2414 1051 2451 quasi
1077 2413 1202 2443 felicem
1228 2418 1260 2443 et.
1284 2414 1416 2442 beatum
1440 2413 1622 2451 praedicat,
1657 2413 1709 2450 qui
1738 2413 1800 2441 iam
1826 2412 1931 2441 euasit

98 2469 166 2497 eius
190 2467 453 2498 fraudulentiam.
509 2469 564 2507 14)
589 2468 747 2498 Metasora
765 2468 886 2498 Almv.
913 2469 1052 2499 mehhaf.
1069 2470 1107 2498 N.
1139 2470 1207 2499 rell.
1238 2470 1459 2507 methaphora.
1507 2468 1671 2506 Allegoria
1697 2467 1733 2498 C.
1759 2469 1830 2497 Non
1859 2475 1931 2496 con-

97 2524 261 2553 fundenda
286 2527 334 2553 est
358 2525 544 2562 metaphora
572 2524 883 2563 (paries-templum)
909 2526 948 2554 ab
978 2525 1103 2555 Acrone
1136 2526 1223 2554 dicta
1255 2535 1325 2555 cum
1360 2525 1513 2563 allegoria
1545 2523 1817 2554 Commentatoris
1852 2522 1931 2553 Cru-

99 2580 209 2618 quiani
236 2581 289 2618 qui
315 2581 500 2618 productam
526 2581 747 2619 metaphoram
773 2582 792 2610 i.
813 2590 838 2610 e.
865 2581 1052 2618 allegoriam
1079 2582 1185 2619 capite
1212 2582 1324 2612 scholii
1350 2582 1470 2619 posuit,
1497 2590 1577 2618 quac
1604 2581 1634 2609 in
1653 2580 1778 2609 Acrone
1796 2579 1931 2609 inferius

99 2634 167 2673 (hoc
191 2639 288 2665 autem
305 2646 366 2674 per
390 2636 563 2676 alleqoriam
588 2636 711 2667 ostendit
735 2637 814 2676 etc.)
848 2638 1003 2675 sequitur.
1029 2635 1204 2675 naufragiis
1229 2637 1314 2667 ΑΓΖ.
1350 2637 1492 2675 Neptuni
1524 2636 1644 2674 templo
1670 2645 1754 2665 omn.
1781 2636 1872 2666 codd.
1901 2639 1932 2665 et.

98 2700 175 2720 rinv.
213 2691 329 2730 Templo
353 2693 469 2722 tertius
494 2702 588 2722 casus
614 2697 675 2729 est,
714 2697 750 2723 ut
774 2692 881 2722 arbori
902 2693 1091 2731 suspendere.
1142 2694 1226 2723 Hinc
1251 2698 1369 2723 temere
1395 2702 1502 2730 praep.
1529 2691 1560 2721 in
1586 2696 1661 2721 ante
1695 2702 1724 2721 u.
1752 2692 1856 2730 templo
1882 2693 1931 2721 in-

97 2749 189 2775 trusa
213 2751 272 2776 est.
298 2747 340 2776 acl
362 2748 506 2786 Neptuni
531 2749 685 2786 templum
710 2748 794 2778 cafh.
822 2748 881 2777 uim
905 2752 999 2786 rogat
1025 2748 1110 2778 AGr.
1138 2749 1211 2778 (lum
1236 2759 1301 2788 rog.
1328 2749 1362 2777 R.
1394 2747 1510 2787 Naafv.
1537 2757 1632 2777 assem
1656 2758 1721 2778 cum
1752 2752 1839 2788 rossat
1869 2757 1928 2778 om.

97 2802 236 2832 mvcafh.
289 2803 342 2842 18)
366 2803 433 2834 Hoc
450 2804 621 2842 AN17mv.
649 2804 699 2834 hic
723 2804 828 2841 RG,1·.
857 2804 944 2839 Quid
971 2814 1031 2835 non
1058 2806 1112 2834 ubi
1140 2805 1218 2834 illud
1252 2804 1452 2841 ostendatur,
1485 2805 1660 2842 quaeritur.
1714 2805 1768 2844 19)
1800 2804 1930 2834 Huuida

99 2858 137 2894 N,
163 2862 198 2888 ut
224 2859 307 2888 infra
330 2859 483 2889 huuidus.
510 2861 563 2890 Ex
588 2861 647 2890 hac
673 2861 846 2898 scriptione
864 2861 990 2890 humida
1014 2862 1172 2891 recentior
1196 2861 1292 2890 lectio
1318 2863 1387 2890 orta
1413 2863 1473 2889 est.
1493 2860 1599 2890 Verba
1623 2860 1764 2890 madidas
1789 2870 1816 2889 a.
1844 2870 1869 2890 e.
1898 2870 1928 2890 n.

97 2913 276 2944 intrinsecus
301 2925 360 2945 om.
387 2916 498 2955 A‚rm.
547 2916 699 2955 Neptune
736 2916 914 2955 (neptumzo
950 2917 1015 2956 rv.)
1052 2916 1159 2947 mettas
1190 2925 1278 2946 rvma
1322 2919 1353 2945 et
1397 2914 1435 2945 G.
1474 2915 1575 2946 auida.
1617 2917 1759 2947 madida.
1797 2917 1925 2948 melius.

98 2969 192 2999 maris
216 2971 279 3000 deo.
306 2975 450 3010 neptuno
475 2973 506 3002 b.
533 2973 642 3002 uuida.
667 2973 784 3002 melius
811 2982 905 3011 quam
930 2972 1052 3002 humida
1078 2972 1114 3002 C.

188 3026 341 3057 PORPH.
392 3027 461 3058 Ode
486 3029 601 3067 quinta
632 3029 671 3057 ad
696 3028 855 3068 Pyrrham
886 3029 1086 3058 meretricem
1112 3028 1145 3057 R.

191 3083 246 3121 24)
272 3082 376 3122 adloq.
402 3084 445 3114 M.
494 3085 652 3123 ignoratus
676 3085 711 3114 R.
745 3085 937 3114 calliditatis
970 3085 1074 3122 ipsius
1109 3084 1239 3121 ignaras
1265 3083 1300 3113 C.

1960 891 1999 922 10

1960 1256 1999 1287 15

1960 1987 2001 2017 25
