2170 3460
894 183 943 215 IN
969 183 1112 216 CARM.
1138 185 1200 223 111,
1226 190 1256 217 3.
1903 180 1983 220 259

159 305 232 360 (A.
262 303 343 354 ΙΙΙ,
378 305 471 359 14):
518 305 719 361 quondam
749 314 917 360 requam
954 307 1154 362 Lycwyo³
1194 313 1234 347 ct
1273 307 1347 362 (A.
1386 307 1465 358 IH,
1506 310 1628 365 125):
1675 313 1984 368 bacchatamque

157 380 259 432 iuqz's
290 379 457 426 Naxon,
489 384 529 418 ct
561 376 635 433 (A.
667 377 745 427 VI,
779 379 900 432 836):
936 379 1185 434 triumphata
1213 379 1411 428 Corintho,
1442 388 1482 421 ct
1512 381 1586 437 (A.
1619 384 1695 434 VI,
1730 386 1850 440 793):
1883 400 1984 440 rey—

155 460 251 493 nata
278 466 357 507 per
390 466 507 493 arua.

267 526 322 566 44
353 526 452 567 dare
480 526 576 566 iura
607 524 749 567 Medis.
820 522 973 565 Medos
1003 524 1071 565 hic
1102 539 1179 579 pro
1210 525 1405 567 omnibus
1435 526 1631 581 gentibus
1662 531 1814 583 posuit,
1860 546 1909 573 ac
1950 532 1984 573 si

155 598 349 640 dixisset:
381 612 457 653 per
487 597 746 652 triumphum
778 596 956 638 subditis
986 597 1174 639 hostibus
1205 598 1320 653 leges
1351 599 1538 654 inponat.

267 673 333 713 45.
366 672 598 713 Horrenda.
659 669 891 711 Metuenda
922 670 1117 712 omnibus
1147 671 1355 726 gentibus.

266 746 332 785 46.
367 745 571 785 Emendat
599 758 704 785 oras.
736 750 781 783 ut
811 744 951 798 (Verq.
982 742 1035 784 A.
1068 743 1102 793 I,
1136 746 1186 785 27
1193 747 1257 799 9):
1292 746 1510 801 Imperium
1540 747 1623 788 sine
1651 748 1728 802 sine
1758 748 1859 789 desii.

266 832 346 874 qua
376 818 528 859 medius
560 818 624 873 lz'q.
675 814 937 858 Gaditanum
968 830 1084 857 mare
1114 817 1235 866 dicit3
1268 817 1366 858 indo
1397 819 1509 860 enim
1540 819 1689 875 incipit
1709 820 1886 877 Europa
1915 837 1981 864 sc-

154 891 269 933 cerni
300 906 324 931 a
353 890 504 946 Libya.

263 966 329 1005 47.
362 965 410 1006 ab
442 965 556 1018 Afro.
618 962 688 1004 Ab
710 961 860 1005 Africa
891 962 1232 1018 synecdochicos,
1264 963 1403 1014 idest,
1436 979 1511 1019 per
1542 980 1649 1020 quac
1669 968 1762 1009 loca
1783 967 1981 1010 diuidun-

152 1044 218 1079 tur
246 1037 422 1092 Europa
453 1044 493 1078 ct
522 1035 684 1087 Africa,
716 1037 824 1078 duae
854 1042 994 1090 partes
1025 1037 1184 1078 mundi.

263 1113 329 1153 48.
362 1126 440 1167 qua
472 1111 649 1152 leomidns
679 1111 783 1165 rz'qet
812 1124 919 1151 arua
950 1110 1082 1152 Nilus.
1143 1109 1260 1152 Dum
1290 1111 1471 1162 inflatur,
1504 1119 1547 1153 ut
1578 1113 1698 1169 riget.

264 1186 331 1225 49.
364 1199 511 1226 aarum
541 1185 802 1240 inrepertum.
862 1183 1028 1224 Aurum
1060 1183 1186 1225 etiam
1216 1184 1354 1226 Roma
1385 1192 1666 1241 contempnet,
1708 1187 1821 1241 quod
1850 1188 1981 1230 multo

150 1257 292 1299 utilius
323 1264 383 1299 cst
415 1257 648 1314 [omnibus]
680 1256 934 1306 hominibus,
982 1271 1075 1298 cum
1106 1257 1207 1298 latet
1237 1258 1375 1300 adhuc
1405 1259 1482 1300 sub
1512 1266 1647 1309 terra3
1693 1260 1831 1301 minus
1871 1261 1983 1302 enim

151 1347 298 1374 causas
342 1331 544 1372 auaritiae
588 1336 784 1386 praestat.
861 1331 1082 1372 Forlt'orem
1126 1345 1228 1386 ergo
1274 1332 1377 1373 dicit
1420 1332 1601 1374 Romam
1647 1335 1981 1389 contempnendo

150 1421 298 1446 aurum
326 1405 428 1455 fore,
462 1419 581 1461 quam
611 1405 653 1445 in
682 1418 782 1445 usus
806 1405 989 1459 coqemlo.
1036 1403 1214 1446 Veteres
1246 1404 1358 1445 enim
1379 1404 1562 1447 Romani
1594 1413 1634 1447 et
1653 1406 1733 1448 hoc
1754 1407 1983 1462 plurimum

148 1484 385 1533 potuerunt,
419 1477 531 1532 quod
562 1482 770 1518 amatores
791 1477 1053 1532 paupertatis
1075 1477 1246 1519 diuitias
1266 1484 1361 1532 post
1381 1479 1607 1521 habebant.
1669 1482 1868 1536 Spernere
1894 1482 1982 1535 for-

148 1554 233 1594 tior.
312 1551 440 1604 Quod
469 1551 588 1592 fortis
619 1550 784 1592 animus
814 1565 1014 1606 spernere
1046 1551 1171 1593 debet
1201 1552 1407 1607 (potius?)
1455 1568 1580 1607 quam
1610 1553 1655 1594 in
1684 1569 1783 1595 usus
1815 1568 1980 1610 cogere,

148 1632 193 1667 ut
222 1623 295 1681 (A.
317 1624 395 1675 VI,
418 1626 542 1681 843):
568 1639 784 1681 paruoque
806 1633 1009 1681 polentem
1040 1626 1270 1667 Fabricium
1303 1626 1359 1682 [et
1378 1641 1418 1668 u.
1441 1628 1542 1668 844:
1581 1633 1620 1668 te
1641 1629 1766 1676 sulco,
1798 1627 1981 1676 Sewane,

147 1698 373 1756 serentem]
436 1698 556 1740 Ordo
588 1705 667 1740 est:
699 1698 848 1740 fortior
877 1713 1076 1754 spernere
1108 1714 1256 1740 aurum
1287 1700 1561 1755 inrepertum,
1595 1727 1645 1730 —
1669 1708 1710 1742 et
1740 1701 1800 1743 sic
1830 1701 1979 1742 melius

147 1772 285 1823 situm,
318 1787 412 1814 cum
442 1779 555 1813 terra
585 1772 691 1814 celat
724 1798 785 1822 -‚
818 1787 945 1827 quam
975 1786 1128 1827 cogere
1158 1772 1202 1813 in
1232 1788 1331 1815 usus
1361 1773 1580 1825 humanos,
1612 1774 1760 1816 dextra
1790 1774 1981 1829 rapiente

150 1860 274 1888 omne
305 1860 482 1888 sacrum.

260 1920 325 1961 52.
358 1934 471 1961 omne
503 1933 665 1961 sacrum
695 1933 783 1975 rap.
816 1920 974 1961 deoetra.
1035 1918 1169 1961 Sacra
1200 1920 1311 1961 enim
1350 1921 1537 1962 omnium
1575 1921 1765 1977 gentium
1802 1936 1980 1977 rapuere

145 1992 340 2042 Romani,
372 2008 457 2034 non
487 1992 612 2034 modo
643 2007 803 2033 aurum.
878 1993 1080 2034 Dextram
1110 1999 1249 2034 autem
1280 2000 1349 2035 aut
1380 2009 1457 2050 pro
1478 1995 1657 2036 auaritia
1677 2001 1748 2036 aut
1769 2010 1846 2051 pro
1867 1995 1979 2037 bello

146 2067 297 2122 posuit,
332 2066 413 2123 [ut]
453 2067 564 2121 Verq.
597 2063 670 2121 (A.
702 2065 782 2116 ΙΙΙ,
816 2066 909 2121 56):
943 2067 1038 2122 quid
1065 2081 1148 2108 ozon
1178 2069 1365 2109 mortalia
1388 2076 1556 2124 pectora
1588 2071 1693 2124 σοφὲ
1724 2071 1831 2111 Auri
1858 2084 1979 2111 sacra

249 2279 282 2318 1)
307 2279 358 2308 lic.
377 2288 440 2308 mv.
485 2278 519 2316 2)
539 2278 622 2316 iugis
640 2286 699 2307 om.
719 2277 776 2320 Αγ.
794 2287 899 2307 naxon
915 2278 1038 2308 mvafh.
1058 2288 1158 2309 nason
1176 2289 1203 2310 r.
1224 2277 1387 2318 Coryntho
1406 2279 1446 2315 Q.
1497 2280 1532 2320 5)
1557 2280 1688 2311 dixisset
1704 2280 1885 2323 Abel27r.
1904 2282 1976 2311 rell.

146 2335 276 2365 diceret.
296 2336 349 2364 hic
366 2345 427 2364 om.
447 2335 476 2363 b.
493 2352 535 2355 —
550 2334 698 2377 inpo.A7.
717 2333 824 2364 Schol.
843 2336 883 2364 ad
901 2335 983 2365 u.45
1004 2346 1045 2365 ex
1055 2336 1112 2378 Αγ.
1130 2337 1306 2366 metuenda
1323 2338 1476 2375 gentibus
1495 2339 1528 2367 in
1546 2339 1679 2369 ultimas
1697 2348 1798 2377 usque
1815 2343 1919 2368 terras
1938 2338 1977 2369 O.

147 2391 217 2420 rell.
244 2401 305 2421 om.
370 2391 405 2429 6)
425 2390 534 2421 Schol.
555 2400 596 2420 ex
614 2390 672 2432 Αγ.
690 2392 759 2420 rell.
779 2401 840 2421 om.
858 2392 1027 2422 Extendat
1040 2391 1069 2421 A
1087 2393 1121 2421 in
1139 2393 1228 2429 Hor.,
1248 2394 1400 2423 extendet
1416 2395 1448 2423 in
1465 2394 1570 2424 lemm.
1592 2395 1717 2425 scholii.
1736 2395 1810 2426 Loc.
1828 2395 1924 2433 Verg.
1944 2396 1978 2425 in

144 2447 233 2477 Max.
247 2447 330 2476 Vict.
350 2448 388 2476 de
406 2457 501 2477 carm.
521 2448 586 2477 her.
607 2448 635 2477 6.
647 2449 783 2478 -unde
801 2449 830 2477 2.
850 2449 882 2478 in
899 2458 932 2478 eo
948 2450 978 2479 b.
996 2450 1066 2479 rell.
1084 2450 1169 2479 inde.
1205 2450 1239 2488 9)
1252 2451 1332 2480 libia
1348 2450 1428 2492 A-sb.
1458 2451 1514 2490 10)
1535 2451 1641 2482 Schol.
1661 2462 1721 2482 oni.
1739 2452 1799 2481 Ab.
1819 2454 1858 2482 ab
1877 2452 1978 2482 africa

144 2507 172 2533 et
194 2503 262 2533 asia
288 2504 316 2532 2.
343 2504 512 2533 sinodoche
528 2514 553 2533 r.
573 2502 711 2543 Synecd.
732 2513 792 2534 om.
809 2505 859 2546 γ2.
911 2505 967 2544 12)
998 2505 1064 2539 Qua
1081 2506 1208 2536 tumidus
1223 2506 1314 2546 rigat.
1332 2508 1432 2537 schol.
1454 2517 1495 2537 ex
1511 2508 1541 2537 A
1560 2511 1591 2538 et
1607 2518 1634 2550 γ,
1655 2509 1709 2547 qui
1727 2509 1843 2538 habet:
1863 2510 1883 2538 i.
1901 2510 1977 2538 dum

145 2561 213 2590 infl.
239 2564 275 2590 ut
300 2564 400 2589 terret.
441 2559 481 2590 C:
514 2560 600 2590 Dum
625 2560 768 2598 inflatur⁷
802 2562 870 2590 rell.
895 2571 956 2592 om.
1015 2562 1071 2601 13)
1098 2562 1178 2593 Aur.
1206 2572 1232 2595 e.
1258 2563 1313 2593 Ro.
1339 2563 1575 2605 7le2‚Crmv.
1616 2574 1728 2595 aurum
1753 2575 1814 2595 om.
1839 2575 1867 2594 a.
1904 2566 1976 2594 rell.

144 2617 255 2647 Etiam
279 2617 334 2647 Ro.
360 2626 425 2649 aur.
475 2634 516 2638 -—-
563 2617 731 2648 contendet
757 2619 786 2647 2.
824 2622 1021 2656 contempnet
1044 2618 1102 2661 Αγ.
1170 2618 1225 2659 14)
1257 2619 1390 2649 omnibus
1421 2621 1505 2651 hom.
1535 2620 1774 2658 1G‚Crman.
1816 2622 1884 2651 rell.
1911 2632 1973 2651 om.

143 2673 293 2703 omnibus.
321 2672 471 2703 Ceterum
496 2683 608 2703 aurum
630 2673 701 2703 utile
726 2683 796 2704 esse
822 2676 945 2713 nequit,
972 2676 1057 2713 quod
1082 2676 1174 2705 latet.
1205 2675 1261 2715 15)
1287 2686 1374 2706 auar.
1401 2687 1514 2707 causas
1539 2677 1597 2707 R2.
1628 2679 1684 2716 16)
1702 2677 1837 2707 Veteres
1857 2694 1897 2699 —
1916 2679 1975 2707 ha-

144 2731 265 2760 bebant
289 2740 348 2760 om.
377 2729 523 2767 1G‚mva.
549 2747 591 2751 -—
616 2734 643 2759 et
665 2730 796 2773 Aybffl.
823 2740 861 2760 ecc
887 2730 923 2760 C.
948 2731 979 2761 in
1004 2731 1080 2767 th.
1132 2732 1188 2771 17)
1214 2736 1353 2770 potentes
1377 2737 1468 2763 erant
1494 2735 1511 2763 2
1539 2733 1679 2772 (Verg)
1706 2735 1773 2763 rell.
1799 2738 1975 2772 potuerunt.

148 2786 205 2827 18)
230 2787 358 2817 Nouum
383 2788 499 2816 lemma
526 2791 557 2816 et
585 2787 685 2817 schol.
723 2787 872 2825 Spernere
898 2806 939 2809 —
965 2797 1079 2826 cogere
1105 2798 1146 2817 ex
1170 2788 1281 2831 AYR2.
1315 2790 1385 2819 rell.
1412 2800 1472 2819 om.
1513 2791 1571 2820 loc.
1597 2790 1693 2829 Verg.
1720 2800 1781 2820 om.
1806 2792 1837 2821 b.
1878 2791 1975 2821 Probi

143 2844 224 2874 Inst.
249 2844 274 2882 Ι,
303 2846 333 2882 9,
362 2845 412 2874 10.
440 2843 547 2874 Schol.
574 2843 695 2873 Lucan.
713 2844 752 2881 X,
776 2845 847 2874 152.
888 2845 942 2882 Et⁷
961 2861 1001 2866 —-
1021 2849 1181 2875 serentem
1205 2845 1240 2875 fh
1266 2856 1336 2875 cum
1364 2845 1400 2875 C.
1428 2847 1497 2876 rell.
1525 2856 1585 2876 om.
1626 2850 1653 2875 et
1676 2847 1710 2876 in
1737 2846 1801 2877 th
1825 2846 1974 2886 Acronis.⁷

144 2910 209 2931 non
233 2900 372 2939 Vergilii
399 2904 458 2930 est.
500 2899 546 2935 Q:
574 2903 606 2930 et
630 2904 664 2929 te
689 2901 787 2930 sulco.
828 2901 991 2932 Ribbeck:
1017 2911 1070 2931 nec
1096 2902 1194 2932 schol.
1212 2902 1317 2932 Persii
1345 2903 1384 2941 (Ι,
1405 2903 1462 2942 74)
1488 2906 1516 2931 et
1538 2903 1637 2932 schol.
1655 2902 1795 2933 Horatii.
1822 2904 1859 2934 In
1876 2904 1974 2944 Verg.

145 2958 230 2996 ipso:
271 2958 321 2987 uel
343 2961 375 2987 te
401 2958 504 2995 sulco,
543 2956 698 2996 sen-rane,
730 2961 899 2988 serentem.
951 2958 1038 2988 Ordo
1056 2976 1097 2980 ——-
1117 2968 1243 2988 sacrum
1274 2968 1335 2988 om.
1360 2958 1398 2988 A.
1439 2959 1609 2989 Fabricius
1639 2963 1713 2998 post
1745 2960 1888 2991 humanos
1913 2972 1974 2991 om.

144 3014 261 3044 dextra
279 3031 320 3035 ——
338 3023 473 3051 sacrum,
498 3014 658 3044 lemmatis
684 3015 811 3053 signum
836 3016 968 3045 oblitus.
1018 3017 1075 3055 21)
1101 3025 1190 3054 quam
1213 3014 1332 3055 cogere]
1361 3017 1453 3054 quasi
1480 3017 1508 3048 2.
1559 3016 1616 3055 23)
1644 3022 1820 3055 rapuerunt
1848 3020 1875 3048 1.
1915 3018 1973 3057 24)

144 3071 237 3100 modo
263 3080 322 3100 om.
346 3080 375 3113 γ.
418 3069 515 3100 Sacra
532 3088 572 3091 ——
592 3081 703 3101 aurum
728 3081 788 3101 om.
814 3071 874 3101 Ab.
914 3082 983 3110 rap.
1009 3070 1131 3111 dextra]
1160 3072 1220 3101 Aut
1243 3082 1299 3110 pro
1325 3081 1375 3101 au.
1400 3072 1460 3102 bR.
1510 3072 1567 3111 25)
1594 3077 1630 3103 ut
1655 3084 1714 3104 om.
1740 3074 1803 3104 Ab.
1831 3074 1971 3110 Quintil.

144 3125 201 3165 IX,
231 3127 281 3163 12,
311 3127 360 3156 10.
400 3127 481 3158 Isid.
509 3127 601 3166 Orig.
628 3128 668 3158 II.
695 3129 746 3165 21,
775 3129 826 3159 16.
867 3129 1026 3158 Priscian.
1052 3129 1242 3158 Praeexerc.
1268 3130 1344 3159 360.
1381 3128 1487 3160 Schol.
1514 3130 1633 3160 Lucan.
1658 3131 1716 3168 III,
1746 3132 1820 3161 118.
1862 3131 1973 3160 dextra

146 3192 201 3220 pro
226 3183 260 3212 ui
284 3183 404 3214 bellica
433 3194 528 3223 quam
559 3185 732 3215 comitatur
761 3189 817 3216 aut
856 3186 1023 3224 praecedit
1055 3186 1163 3224 potius
1188 3187 1346 3224 auaritia,
1379 3190 1415 3216 ut
1439 3186 1531 3225 Virg.
1560 3186 1596 3217 O.
1660 3188 1718 3227 25)
1745 3189 1827 3227 quod
1852 3196 1915 3218 non
1938 3188 1970 3217 b.

1651 3253 1701 3278 17*

2008 978 2049 1009 10

2011 1345 2048 1375 15

2006 1711 2047 1742 20
