2283 3535
680 184 909 215 AnnnunA
939 184 996 215 ET
1022 182 1339 215 coannan.
1836 169 1923 210 VII

98 323 180 363 qua
209 308 321 350 haud
351 308 476 364 pauci
507 313 665 348 carent:
700 304 804 348 ‘Vita
836 307 967 348 Oralii
999 305 1160 361 (Oracii
1191 303 1267 360 Bb)
1298 318 1374 359 per
1404 303 1754 360 Porphyrionem,
1786 303 1923 345 Italici

97 388 235 423 autem
266 382 445 430 codices,
476 387 520 422 ut
549 380 679 421 Laur.
713 382 779 429 28,
811 379 1005 421 Riccard.
1039 381 1118 419 654
1151 385 1188 419 ct
1221 376 1447 419 Chisianus
1479 378 1548 418 ille
1578 377 1691 418 Fcac
1723 376 1800 432 (H.
1822 377 1922 426 VII,

98 456 199 510 229)
222 455 376 510 aliique
399 469 492 496 cum
512 454 571 494 lit.
594 454 638 494 h:
671 451 818 494 VITA
845 452 1106 501 HORATH,
1138 451 1306 493 nomine
1328 450 1635 505 Porphyrionis
1657 466 1740 491 non
1762 451 1920 491 iterato.

96 528 229 569 Plena
264 527 386 569 huius
431 528 541 568 uitae
587 527 629 566 in
663 523 865 566 Chisiano
911 527 1013 566 hacc
1059 532 1117 565 cst
1166 523 1402 579 inscriptio:
1451 523 1598 564 VITA
1644 522 1919 566 HORATII.

97 599 339 643 FLACCI.
371 598 588 641 POETE.
621 597 843 639 LYRICI.
876 597 1056 639 LEGE.

207 673 333 715 Hanc
363 673 492 714 uitam
524 673 567 712 in
599 672 742 713 codice
775 672 918 727 ignoto
950 679 1091 712 nostro
1122 670 1275 724 excipit
1310 669 1379 710 illa
1413 684 1511 724 pars
1543 669 1583 708 in
1606 669 1799 723 pluribus
1820 677 1916 710 uctt.

95 747 214 789 codd.
247 746 384 796 obuia,
417 760 523 800 quae
555 745 757 799 inscripta
789 752 870 786 est:
906 746 979 785 ‘De
999 753 1154 786 satura.
1177 745 1374 785 eimclems
1437 742 1611 797 Incipit:
1645 740 1815 784 ‘Satura
1845 742 1917 782 di—

94 821 201 863 citur
231 834 400 862 carmen
435 819 549 874 apud
586 818 812 868 Romanos,
858 833 967 858 nunc
1005 817 1174 871 quidem
1216 816 1485 857 maledictum
1524 824 1598 856 ctc.
1641 823 1679 856 ct
1719 816 1779 856 sic
1816 815 1918 856 exit:

92 893 184 934 Alii
213 902 350 935 autem
382 899 528 949 putant
559 893 714 933 dictam
746 908 769 932 a
801 893 881 946 leqe
900 890 1065 940 Satura,
1098 904 1204 944 quae
1235 905 1317 931 uno
1339 897 1490 944 rogatu
1511 889 1639 930 multa
1661 889 1785 930 simul
1807 903 1919 930 com-

92 967 256 1023 probat,
303 967 414 1021 quod
445 966 604 1008 scilicet
635 973 671 1007 ct
711 965 752 1006 in
791 964 995 1007 eiusmodi
1028 964 1216 1005 carmina
1247 962 1375 1004 multa
1415 962 1537 1003 simul
1574 968 1768 1017 poemata
1807 977 1920 1003 com-

93 1040 436 1096 p1·ehendantur.'

204 1112 448 1154 Dicendum
479 1118 616 1154 autem
648 1119 721 1161 cst,
768 1113 842 1153 has
872 1118 1003 1162 notas,
1050 1126 1154 1166 quas
1191 1124 1397 1164 nusquam
1435 1108 1535 1150 alibi
1575 1115 1915 1150 commemoratas

91 1187 193 1237 uidi,
230 1186 283 1228 ab
314 1201 398 1227 una
428 1201 556 1227 manu
587 1185 699 1227 docti
730 1185 907 1227 alicuius
936 1185 1019 1226 uiri
1049 1199 1100 1226 ex
1131 1183 1297 1226 saeculo
1318 1181 1432 1224 XVI
1454 1190 1647 1223 exaratas
1678 1196 1781 1232 esse,
1814 1196 1920 1236 quae

90 1259 428 1315 Porphyrionem
459 1259 556 1300 inde
588 1274 612 1300 a
642 1259 780 1314 prima
810 1258 891 1300 oda
925 1272 1056 1312 usque
1105 1257 1159 1298 ad
1204 1256 1477 1312 epistularum
1522 1256 1647 1295 finem
1695 1271 1746 1297 ex
1792 1256 1923 1297 codice

91 1342 246 1376 uetusto
277 1333 528 1382 emendauit,
568 1340 612 1374 ut
641 1348 681 1387 p.
703 1334 784 1374 457
816 1332 886 1373 lin.
911 1332 991 1386 (u.)
1015 1332 1066 1372 18
1098 1345 1175 1385 pro
1201 1331 1375 1370 Turrim
1398 1327 1566 1383 (Fabr.)
1598 1327 1737 1381 posuit
1763 1328 1922 1378 Curius,

90 1422 130 1462 p.
162 1408 242 1448 459
274 1406 346 1448 lin.
378 1409 404 1447 4
427 1406 579 1463 populo
610 1394 686 1459 pro
718 1405 899 1460 populus
930 1403 1113 1460 (Fabr.)‚
1145 1403 1216 1444 lin.
1243 1404 1292 1444 15
1326 1412 1431 1444 tolus
1462 1416 1538 1455 pro
1571 1409 1709 1442 tonsus
1738 1400 1922 1456 (Fabr.),

92 1481 204 1522 linea
236 1488 421 1521 extrema
451 1480 645 1521 lacunam
678 1494 702 1519 a
732 1477 932 1519 Fabricio
963 1477 1172 1519 relictam:
1205 1475 1331 1518 Vnde
1363 1474 1467 1516 illud
1500 1472 1712 1516 Graecum
1747 1506 1923 1515 .....

90 1553 276 1610 expleuit
305 1567 381 1608 per
413 1553 567 1608 ἀμαθία
605 1552 770 1606 θράσος,
817 1558 854 1592 et
892 1551 1073 1605 denique
1112 1565 1152 1605 p.
1192 1550 1273 1590 160
1314 1548 1386 1589 lin.
1423 1550 1449 1588 4
1486 1547 1645 1602 puerili
1678 1554 1810 1588 autem
1846 1562 1924 1603 pro

89 1628 242 1670 Pueris
274 1634 425 1677 autem,
459 1634 499 1668 et
528 1642 565 1667 u.
600 1629 636 1667 7.
669 1625 841 1681 grauior
871 1639 948 1680 pro
987 1623 1157 1679 gratior.
1217 1622 1295 1664 Uti
1332 1622 1410 1662 hae
1441 1620 1641 1662 lectiones
1672 1635 1816 1663 omnes
1853 1635 1923 1663 co-

90 1700 256 1743 dicibus
286 1700 390 1741 meis
422 1700 735 1749 confirmantur,
782 1698 842 1740 sic
876 1697 1025 1753 plenus
1066 1703 1129 1738 est
1167 1709 1394 1737 consensus
1431 1709 1589 1743 earum,
1636 1708 1743 1749 quae
1773 1709 1798 1735 a
1829 1709 1922 1736 car-

88 1774 275 1816 minibus
316 1773 577 1815 ordientibus
623 1772 745 1814 nobis
786 1786 875 1813 sese
906 1771 1098 1821 offerunt,
1143 1776 1188 1810 ut
1225 1767 1274 1810 C.
1312 1768 1347 1819 I,
1382 1770 1401 1808 1
1450 1768 1493 1808 in
1532 1773 1781 1823 argumento
1825 1781 1922 1823 quae

90 1853 342 1904 appetantur
379 1873 418 1877 —
458 1861 535 1902 pro
567 1848 637 1903 qui
664 1860 784 1901 app.;
830 1843 1124 1886 Mecaenatem
1157 1845 1213 1885 ait
1249 1842 1383 1884 atanis
1414 1867 1466 1871 —
1499 1856 1576 1896 pro
1614 1840 1753 1882 Maec.
1792 1847 1921 1890 atau.;

90 1921 203 1977 quod
233 1937 257 1962 a
287 1921 482 1962 nobilibus
514 1946 565 1949 -—
598 1934 675 1975 pro
712 1919 823 1974 quod
861 1919 1080 1961 natalibus.
1118 1932 1157 1958 u.
1198 1919 1261 1958 12.
1299 1916 1389 1966 fuit,
1429 1917 1543 1958 cuius
1580 1914 1838 1956 haereditate
1870 1940 1923 1944 ψ-

88 2010 165 2051 pro
195 1994 271 2036 fuit
292 1993 570 2042 haereditate;
603 1993 637 2034 si
668 1994 806 2049 regias
837 2007 938 2048 opes
968 2006 1045 2047 pro
1086 1991 1120 2032 si
1161 1992 1269 2045 regis
1294 2003 1406 2045 opes
1438 2005 1476 2030 u.
1509 1990 1575 2030 22.
1609 2002 1752 2030 sacrae
1784 2002 1920 2043 aquae

90 2071 147 2110 ait
175 2094 228 2098 -
258 2082 336 2124 pro
367 2082 511 2109 sacrae
541 2081 687 2122 aquae.
720 2082 757 2107 u.
790 2067 855 2107 31.
888 2066 974 2107 fere
1011 2067 1114 2106 enim
1154 2063 1276 2120 lyrici
1306 2063 1502 2105 carminis
1511 2078 1526 2110 ;
1571 2061 1757 2104 fontibus
1794 2071 1851 2103 est
1890 2071 1925 2103 et

96 2168 135 2173 —
174 2156 251 2198 pro
280 2141 464 2184 fontibus
506 2150 552 2183 et.
618 2140 722 2181 Tria
758 2139 939 2194 denique
976 2138 1135 2180 scholia
1172 2138 1226 2179 ad
1262 2153 1301 2178 u.
1343 2138 1408 2178 33.
1447 2137 1501 2178 34
1538 2143 1579 2177 et.
1618 2136 1685 2185 35,
1725 2149 1830 2190 quae
1870 2134 1923 2176 ab

89 2214 297 2257 Ascensio
328 2223 368 2256 et
397 2214 596 2256 Fabricio
642 2213 753 2268 (afh)
797 2213 951 2254 omissa
997 2219 1104 2262 sunt,
1144 2218 1281 2253 tuetur
1324 2210 1395 2252 ille
1435 2210 1604 2266 ignotus
1651 2208 1782 2250 codex
1827 2224 1923 2250 cum

90 2289 305 2331 codicibus
335 2288 439 2330 meis
469 2295 509 2329 et
540 2302 634 2329 cum
665 2286 757 2328 edd.
794 2285 987 2327 Romana
1023 2293 1061 2327 et
1098 2284 1275 2327 Veneta.
1314 2284 1420 2326 conf.
1456 2283 1553 2326 Vol.
1584 2282 1618 2333 1,
1657 2297 1698 2337 p.
1738 2284 1760 2323 7
1800 2282 1923 2324 huius

90 2362 301 2404 editionis.

203 2434 368 2489 Quodsi
397 2435 578 2491 pretium
610 2439 734 2489 atque
765 2433 991 2474 auctoritas
1011 2432 1163 2474 uetusti
1185 2430 1297 2473 illius
1318 2430 1430 2480 libri,
1462 2430 1573 2471 unde
1600 2429 1802 2471 lectiones
1824 2428 1922 2470 illae

89 2509 244 2565 petitae
266 2502 384 2559 sunt,
407 2508 505 2550 satis
528 2521 737 2563 superque
758 2506 835 2548 tibi
856 2506 1100 2561 probantur,
1133 2506 1233 2546 item
1253 2504 1414 2559 liquido
1435 2510 1562 2559 patet,
1595 2503 1738 2545 labore
1760 2501 1923 2544 itineris

90 2582 365 2639 supersedere
396 2596 518 2638 posse
549 2581 663 2623 uiros
695 2581 851 2630 doctos,
898 2580 970 2634 qui
1001 2578 1206 2621 eiusmodi
1236 2577 1367 2620 libros
1397 2583 1616 2626 uenantur,
1648 2582 1692 2617 ut
1724 2575 1919 2630 equidem

89 2656 193 2712 ipse,
225 2656 395 2711 optimis
426 2655 623 2698 subsidiis
654 2654 852 2702 munitus,
883 2653 1031 2694 merito
1054 2652 1284 2707 supersedi,
1316 2651 1488 2693 nomina
1509 2650 1633 2692 modo
1665 2649 1832 2691 testium
1852 2649 1918 2690 in-

91 2736 228 2772 certae
257 2729 357 2771 fidei
387 2743 542 2785 augere
573 2734 907 2784 apparatumque
938 2727 998 2768 sic
1029 2726 1123 2782 plus
1153 2725 1284 2767 nimio
1315 2724 1496 2765 inaniter
1534 2736 1807 2779 exaggerare.
1871 2722 1922 2764 Si

91 2803 149 2844 ita
179 2817 306 2858 agere
336 2802 575 2851 noluissem,
595 2801 818 2843 -licebat
848 2800 991 2855 utique
1022 2814 1098 2855 per
1119 2797 1390 2854 supellectilis
1411 2796 1643 2838 ubertatem
1668 2822 1732 2846 —,
1751 2795 1921 2838 Editori

91 2875 300 2932 Pragensi
329 2876 559 2931 potuissem
589 2874 797 2930 permulta
818 2874 979 2924 cedere,
1013 2872 1164 2928 quibus
1187 2872 1311 2914 simul
1333 2871 1438 2913 duas
1459 2878 1645 2912 ueterum
1667 2869 1922 2911 scholiorum

92 2949 358 2992 recensiones
379 2963 532 3004 parare
554 2956 678 3003 atque
700 2961 904 2989 exornare
926 2946 1141 3002 potuisset,
1172 2952 1217 2986 ut
1246 2945 1359 2985 idem
1390 2959 1538 2986 reuera
1569 2944 1672 2985 duas
1704 2943 1923 2993 editiones,

93 3023 267 3064 alteram
304 3022 463 3064 scilicet
491 3021 685 3064 omnibus
716 3020 869 3077 prioris
901 3019 1121 3075 erroribus}
1160 3025 1200 3059 et
1220 3017 1346 3068 uitiis,
1380 3017 1577 3073 peccatis,
1611 3016 1789 3058 ‘lenibus
1821 3030 1921 3057 con-

93 3095 275 3146 iecturis,
322 3094 654 3137 correctionibus
693 3101 819 3149 atque
860 3092 1250 3141 emendationibus’‚
1296 3091 1453 3146 apertis
1497 3091 1660 3133 lacunis
1699 3089 1920 3144 tacitisque

93 3167 444 3211 inculcationibus
476 3168 686 3218 refertam,
718 3167 857 3209 emisit
886 3173 1010 3221 atque
1056 3165 1100 3206 in
1129 3165 1222 3207 luce
1253 3164 1500 3207 conlocauit.

1615 3244 1666 3266 35‘
