2170 3460
770 156 819 188 IN
846 155 990 188 cAssM.
1015 154 1041 192 1,
1068 157 1098 185 3.
1125 158 1155 184 4.
1828 137 1879 177 19

165 288 204 328 2.
235 285 477 341 trahuntque
506 298 535 324 s.
567 281 776 323 machinae
808 280 980 320 carinas.
1040 275 1109 317 De
1146 273 1369 316 naualibus
1405 279 1476 314 aut
1507 287 1583 328 pro
1614 272 1882 327 reparatione

54 367 124 402 aut
144 375 221 416 pro
241 359 379 401 hieme
401 356 627 399 subductas
655 351 908 408 competenti
929 357 1117 405 tempore
1138 346 1432 402 nauigationes
1453 346 1496 386 in
1517 345 1651 387 maria
1672 352 1882 388 reuocant.

165 434 204 475 3.
236 434 402 475 Arator.
461 427 622 470 Mutari
653 426 779 468 etiam
808 439 930 466 usum
950 423 1061 465 uitae
1086 422 1189 463 dicit
1208 419 1437 462 mutatione
1458 419 1672 474 temporis,
1704 426 1749 461 ut
1772 422 1882 474 Very.

55 506 124 562 (B.
147 505 202 555 V,
235 505 331 560 70):
365 505 464 545 Ante
493 504 643 556 socam,
676 501 715 541 si
740 500 875 553 sre'yas
906 498 992 548 erit,
1024 497 1062 538 si
1088 495 1240 546 messis,
1271 494 1313 534 t'n
1343 493 1500 534 ambra.

165 580 205 620 4.
242 577 374 620 Canis.
436 572 740 617 Candentibus.

169 653 207 694 5.
237 652 328 692 Iam
363 649 555 706 Cytherea
587 647 728 688 choros
760 645 880 686 ducit.
943 641 1180 684 Clementia
1214 638 1415 694 temporis
1447 637 1549 679 dicit
1579 637 1705 678 etiam
1736 638 1790 678 ad
1820 638 1884 679 lu-

55 726 155 768 dum
185 723 346 766 animos
376 721 560 770 inuitari,
592 719 650 760 ita
680 724 724 759 ut
753 717 797 758 in
827 721 992 758 noctem
1015 713 1306 756 saltationibus
1327 717 1479 754 uacent
1499 711 1760 765 uoluptatem
1780 711 1884 753 faci-

56 804 184 849 entes,
215 797 326 839 unde
357 802 398 837 et
426 794 638 837 Venerem
669 790 820 848 posuit.
857 814 899 819 —
936 789 1183 830 Immz'nente.
1244 784 1646 841 Appropinquantc.

168 872 205 913 6.
237 871 479 925 Izmetaeqae
498 866 695 924 Nymphis
721 866 900 908 Gratiae.
960 860 1045 903 Per
1065 860 1274 917 Nymphas
1295 865 1434 900 autem
1463 856 1660 898 mulieres
1695 857 1886 914 intellegi

55 944 198 994 uoluit,
230 958 306 999 per
341 943 507 985 Gratias
536 939 738 997 uirgines.
797 938 884 982 Ista
914 939 1026 982 enim
1056 946 1257 994 tanquam
1285 936 1500 992 Epicurus
1530 935 1662 991 ponit,
1705 932 1885 974 suadens

55 1018 301 1073 uoluptuose
337 1015 566 1057 uiuendum
605 1028 681 1069 pro
721 1013 950 1070 fragilitate
987 1013 1113 1063 uitae,
1154 1025 1232 1053 nec
1263 1008 1692 1066 praetermittendam,
1724 1006 1887 1049 Venere

57 1091 288 1141 adridente,
319 1089 534 1131 laetitiam.

173 1166 210 1205 7.
242 1165 408 1206 Alterno
449 1169 600 1203 terram
631 1162 817 1217 quatiunt
848 1160 965 1217 pede.
1030 1158 1116 1199 Pro
1148 1171 1249 1199 sono
1281 1155 1514 1198 cantilenae
1555 1154 1609 1196 ad
1645 1152 1887 1208 rhythmum

58 1238 279 1292 (terram?)
309 1236 518 1279 ferientes.
550 1260 602 1264 -—
638 1234 806 1276 Grauis.
868 1233 954 1275 Pro
986 1232 1126 1288 operis
1156 1230 1314 1273 labore.

57 1349 151 1379 huius
177 1347 290 1377 scholii
315 1347 355 1376 ab
384 1346 452 1384 ipso
477 1344 620 1383 Cruquio
652 1345 782 1382 addita,
814 1354 877 1374 000
903 1347 1012 1374 tamen
1037 1343 1133 1381 plena
1158 1351 1227 1372 esse
1258 1341 1403 1377 uidetur3
1434 1339 1572 1369 debebat
1597 1338 1684 1367 enim
1710 1344 1795 1365 esse:
1826 1335 1886 1363 ali-

59 1405 187 1444 quando
206 1407 313 1433 autem
337 1407 364 1432 et
386 1402 417 1432 in
439 1401 605 1432 masculino
629 1405 655 1431 et
679 1401 710 1431 in
723 1401 874 1441 feminino
891 1401 988 1430 habet
1005 1408 1089 1429 acer.
1108 1402 1160 1429 ut:
1186 1407 1257 1428 acer
1282 1406 1372 1436 equas
1397 1399 1429 1426 et
1453 1405 1524 1425 acer
1549 1393 1660 1432 hiemps
1687 1392 1830 1431 (Ennius
1855 1391 1890 1420 in

57 1461 130 1491 XVI
148 1470 198 1498 ap.
218 1460 374 1489 Priscian.
401 1458 511 1488 Krehl.
538 1457 607 1487 Lib.
634 1457 671 1495 V,
699 1458 728 1495 3,
754 1457 824 1487 Vol.
850 1457 875 1495 I,
901 1467 930 1495 p.
960 1457 1030 1493 178,
1062 1455 1172 1485 Hertz.
1199 1454 1230 1483 II
1256 1463 1356 1492 gram.
1382 1453 1438 1482 lat.
1464 1451 1551 1481 Keil.
1579 1460 1609 1488 p.
1639 1450 1711 1478 152.
1741 1448 1813 1477 153.
1840 1456 1890 1484 ap.

58 1517 196 1548 Vahlen.
221 1515 292 1553 XII,
325 1514 425 1554 406):
458 1515 606 1544 Aestatem
629 1517 786 1544 autumnus
808 1513 952 1552 sequitur,
971 1516 1042 1551 post
1064 1520 1137 1541 acer
1160 1510 1272 1549 hiemps
1284 1509 1334 1548 fit.
1369 1508 1537 1539 Charisius
1561 1508 1582 1536 l.
1608 1507 1628 1535 l.
1655 1504 1762 1535 adfert
1793 1504 1891 1533 ratio-

58 1583 130 1604 nem
155 1582 209 1602 cur
233 1573 348 1602 melius
373 1572 584 1601 communiter
608 1570 655 1600 hic
680 1574 707 1600 et
729 1570 803 1600 haec
827 1569 909 1600 acris
933 1578 989 1608 pro
1014 1568 1061 1598 hie
1085 1577 1172 1605 acer,
1202 1567 1275 1597 haec
1300 1576 1376 1596 acra
1402 1566 1543 1595 dicatur:
1570 1581 1612 1584 —
1637 1561 1777 1601 quoniam.
1801 1569 1892 1589 aures

57 1629 195 1670 effendit,
226 1632 262 1659 ut
285 1628 457 1659 Horatius:
486 1626 613 1658 soluitur
637 1626 720 1657 acris
744 1626 867 1665 hiemps.
904 1626 1021 1656 Nostro
1052 1624 1188 1654 Acronis
1220 1624 1287 1653 loco
1318 1622 1400 1652 acris
1433 1625 1544 1651 neutro
1575 1627 1693 1658 genere
1725 1617 1890 1647 statuitur.

58 1686 148 1723 Quod
172 1690 280 1716 tamen
305 1695 376 1715 cum
401 1686 434 1714 in
458 1684 587 1715 Horatii
612 1693 707 1714 uersu
732 1692 793 1712 non
820 1686 911 1713 extet
937 1691 1040 1720 neque
1064 1685 1151 1711 recte
1176 1680 1362 1718 accipiatur,
1393 1679 1459 1717 legi
1491 1677 1620 1715 nequit:
1659 1674 1748 1704 Acris
1774 1681 1892 1703 nomen

58 1747 101 1773 est
122 1743 276 1779 neutrale,
302 1736 377 1771 sed:
403 1741 496 1771 Acris
521 1750 551 1770 n.
577 1744 604 1770 et
628 1750 670 1778 n.,
698 1749 771 1770 nain
796 1741 855 1770 1100
881 1740 985 1777 ipsum
1010 1742 1067 1775 est,
1095 1737 1180 1776 quod
1206 1739 1437 1766 commentator
1462 1735 1532 1764 uult
1557 1733 1673 1769 dicere,
1704 1735 1741 1761 ut
1775 1740 1817 1760 ex
1841 1730 1891 1759 ul-

59 1800 175 1830 teriore
206 1798 321 1828 scholii
353 1801 443 1836 parte
475 1797 600 1836 liquido
632 1801 733 1835 patet,
763 1797 817 1826 ubi
848 1796 932 1826 acris
966 1794 1068 1834 sinapi
1099 1794 1294 1824 nominatiui
1328 1795 1441 1822 neutro
1466 1791 1672 1821 inducuntur.
1699 1790 1751 1818 29.
1783 1796 1894 1827 yenere

59 1861 193 1894 utroque
217 1856 284 1885 1000
308 1864 368 1884 om.
393 1854 465 1884 AN.
490 1863 586 1884 masc.
613 1855 645 1883 10
670 1864 694 1883 r.
737 1853 795 1892 32)
822 1857 848 1883 et
876 1863 937 1883 om.
965 1855 1041 1882 ante
1065 1850 1150 1880 acris
1166 1848 1264 1880 NRC.
1314 1848 1372 1888 32)
1399 1847 1515 1885 Sinapi
1538 1847 1629 1876 codd.
1656 1845 1758 1875 nostri
1783 1853 1893 1873 omnes

60 1916 185 1951 praeter
208 1911 270 1949 Nr,
297 1912 352 1949 qui
377 1910 491 1950 synapi
513 1912 642 1941 habent.
673 1909 797 1948 Sinapi,
823 1919 870 1948 gr.
897 1907 1011 1945 σίναπι,
1037 1906 1278 1943 indeclinabile,
1304 1905 1424 1943 pluries
1450 1905 1482 1933 in
1506 1903 1590 1932 Plin.
1618 1902 1658 1931 H.
1684 1901 1723 1930 N.
1750 1902 1892 1936 obuium,

61 1978 79 1997 a
104 1967 245 1998 Gesnero
269 1972 380 1998 contra
405 1967 550 1997 codicum
580 1968 825 2005 auctoritatem,
851 1968 907 2006 qui
941 1965 1067 1997 Colum.
1101 1964 1156 2002 XI,
1184 1964 1214 2001 3,
1248 1963 1287 1993 29
1322 1963 1431 2000 sinape
1463 1962 1602 1998 habent,
1636 1963 1800 1989 seruatum
1832 1962 1891 1988 est.

61 2024 143 2055 conf.
174 2024 303 2054 Petron.
336 2025 396 2062 66,
428 2025 446 2053 7
482 2028 514 2054 et
538 2023 631 2062 Apio.
666 2023 721 2061 VI,
753 2025 788 2061 4,
821 2023 908 2061 VIII,
944 2024 972 2052 7.

176 2080 208 2119 1)
234 2080 284 2110 De
302 2079 460 2110 naualibus
477 2089 562 2110 01011.
581 2080 672 2109 00(1(1.
691 2081 753 2109 11101
779 2083 810 2109 01
829 2079 871 2117 G,
897 2081 932 2108 in
957 2087 1020 2117 quo
1037 2082 1147 2108 tamen
1172 2075 1367 2114 tracltantqae
1382 2084 1396 2103 s
1408 2088 1452 2103 z
1465 2073 1562 2103 siccas
1579 2072 1614 2102 de
1630 2071 1800 2108 naualibus,
1828 2080 1891 2100 1100

62 2147 137 2168 11010
153 2137 265 2167 scilicet
289 2137 324 2166 de
346 2135 507 2166 naualibus
530 2137 705 2175 legendum
731 2137 801 2166 erit.
835 2135 901 2166 Sub
934 2136 1064 2165 nomine
1095 2133 1314 2163 restitutionis
1346 2130 1467 2161 Aeroni
1498 2130 1576 2159 haec
1608 2129 1769 2158 inculcata
1801 2131 1892 2168 sunt:

61 2195 153 2224 Dicit
179 2194 217 2223 (10
241 2192 369 2223 nauibus
393 2197 448 2222 aut
472 2202 528 2231 pro
552 2193 755 2231 reparatione
781 2202 808 2222 a.
834 2202 864 2231 p.
891 2192 920 2220 h.
948 2208 989 2211 —-
1016 2190 1177 2220 subductis
1201 2206 1245 2210 ——
1266 2187 1435 2224 revocatis,
1465 2190 1496 2216 et
1528 2185 1658 2224 quidem
1685 2193 1726 2214 ex
1753 2182 1796 2213 C:
1837 2183 1896 2220 „de

61 2250 185 2281 nauibus
214 2249 300 2287 dicit,
332 2253 387 2279 aut
411 2248 453 2278 acl
481 2250 702 2287 reparationem
730 2253 785 2278 aut
818 2252 946 2286 propter
979 2248 1117 2276 hiemem
1148 2244 1326 2281 subductis,
1361 2243 1556 2281 competenti
1588 2246 1731 2279 tempore
1762 2240 1896 2277 nauiga-

63 2308 162 2338 tionis
187 2308 221 2336 in
246 2307 348 2336 maria
371 2305 557 2335 revocatissst
604 2305 695 2336 Dicit
720 2305 759 2335 de
784 2306 922 2335 nauibus
948 2314 971 2333 s.
998 2304 1127 2340 cariniS,
1153 2303 1235 2332 dicit
1253 2302 1351 2331 etiam
1376 2301 1414 2329 de
1433 2299 1602 2335 machinis,
1630 2298 1744 2336 quibus
1764 2296 1838 2326 illae
1857 2297 1895 2325 (le

62 2364 231 2394 naualibus
254 2362 464 2392 deducuntur.
496 2362 635 2391 Naualia
659 2365 734 2391 sunt
758 2366 843 2391 nota.
875 2360 971 2391 Ouid.
990 2360 1066 2389 Her.
1093 2358 1209 2396 XVIII,
1238 2358 1319 2387 207:
1345 2356 1408 2385 Hic
1434 2359 1481 2385 est
1498 2359 1609 2393 aptum
1635 2357 1762 2383 nostrae
1780 2353 1896 2382 nauale

64 2421 202 2458 carinae,
229 2423 260 2449 et
276 2419 349 2448 Am.
366 2418 407 2456 II,
427 2420 456 2455 9,
484 2418 543 2448 21:
570 2418 759 2448 subductam
785 2419 892 2448 celant
916 2417 1047 2448 naualia
1071 2417 1193 2454 pinum.
1218 2415 1268 2444 De
1293 2414 1344 2443 his
1370 2413 1434 2442 iam
1460 2416 1586 2449 teinpus
1612 2415 1661 2440 est
1694 2411 1820 2440 trahere
1845 2419 1895 2438 ca-

63 2477 150 2506 rinas
175 2476 358 2506 subductas.
398 2475 516 2505 Nostro
540 2475 609 2504 1000
635 2484 719 2504 011111.
746 2475 838 2504 codd.
857 2479 889 2504 et
915 2475 986 2504 edd.
1012 2474 1086 2503 hab.
1112 2472 1296 2501 subductas.
1315 2479 1408 2508 comp.
1437 2473 1520 2506 temp.
1545 2466 1747 2506 otcc'ztiyationz's
1772 2465 1894 2502 ANRI,

66 2542 145 2570 rmv,
163 2533 203 2561 ad
220 2533 453 2570 nauigationem
470 2530 523 2561 cas
528 2532 559 2560 h.
585 2540 737 2561 reuocare
762 2531 796 2560 in
814 2531 916 2561 maria
932 2540 957 2568 r,
985 2531 1018 2559 in
1037 2530 1140 2559 maria
1156 2536 1304 2558 reuocare
1320 2526 1409 2556 ANR
1422 2527 1449 2563 1,
1476 2534 1539 2554 mv.
1557 2527 1704 2554 reuocant
1721 2522 1811 2552 cafh.
1836 2521 1897 2551 Pro

35 2583 38 2585 Α
66 2588 262 2627 competenti,
307 2589 437 2618 nomine
462 2592 628 2626 suspectae
661 2588 846 2623 latinitatis,
879 2587 991 2623 scribe,
1025 2585 1183 2614 infinitiui
1217 2583 1430 2613 conseruandi
1462 2590 1573 2611 causa:
1620 2578 1766 2617 competit
1797 2583 1895 2615 temp.

66 2655 140 2675 nau.
166 2646 200 2674 10
224 2646 326 2674 maria
350 2653 510 2674 reuocare.
555 2644 591 2683 4)
618 2644 823 2674 mutationem
839 2642 879 2672 A.
905 2647 937 2672 at
960 2642 1000 2671 A.
1049 2641 1084 2680 6)
1111 2641 1195 2670 Nam
1220 2640 1306 2680 cyth.
1333 2639 1370 2668 R.
1398 2639 1479 2668 (licit
1504 2642 1600 2674 temp.
1619 2635 1673 2664 Ar.
1725 2634 1759 2672 7)
1785 2633 1818 2663 in
1835 2643 1896 2664 om.

66 2701 154 2732 eafh.
181 2701 216 2731 cle
239 2705 333 2731 nocte
357 2699 394 2730 C.
413 2699 590 2730 saltantibus
606 2698 676 2736 AG,
702 2699 823 2729 saltibus
847 2699 887 2735 N,
913 2699 981 2728 rell.
1001 2697 1228 2727 saltationibus
1279 2696 1313 2734 7)
1340 2695 1508 2733 Voluptate
1532 2694 1666 2722 faciente
1691 2700 1775 2721 omn.
1802 2690 1895 2720 codd.

68 2763 98 2789 01
116 2759 198 2796 0(1(1.,
224 2762 330 2797 prater
348 2758 378 2795 2,
405 2767 476 2787 011111
493 2767 555 2796 quo
580 2757 711 2794 scripsi:
739 2757 933 2793 uoluptatem
945 2754 1108 2794 flectentes,
1136 2762 1199 2792 qua
1222 2753 1360 2782 lectione
1385 2751 1465 2779 nihil
1483 2753 1587 2788 potest
1614 2748 1795 2785 excogitari
1821 2748 1896 2776 Sim—

66 2816 199 2853 plicius,
238 2815 320 2844 nihil
350 2814 479 2844 rectius.
534 2814 649 2843 Facere
682 2813 765 2842 enim
796 2816 832 2841 ut
864 2812 896 2840 in
936 2811 1056 2840 diuiuis
1087 2811 1132 2840 sic
1164 2811 1198 2839 in
1230 2808 1375 2837 uenereis
1410 2807 1504 2836 rebus
1541 2815 1606 2835 uox
1640 2805 1806 2834 sollemnis
1840 2807 1897 2842 est,

66 2871 272 2910 Voluptatem
295 2870 445 2908 satiantes,
470 2869 592 2900 Acroni
616 2878 716 2907 nuper
734 2869 939 2905 inculcatum,
969 2877 1072 2906 neque
1097 2871 1208 2905 aptum
1232 2874 1335 2903 neque
1361 2864 1459 2893 etiam
1485 2864 1624 2893 latinum
1642 2867 1699 2892 est.
1749 2861 1832 2890 Nam
1849 2861 1898 2889 uti

3 2934 5 2940 '
66 2927 154 2965 sitim,
176 2927 310 2966 samem,
354 2927 400 2956 sie
435 2927 605 2956 libidinem
642 2926 772 2964 quidem
807 2925 961 2962 satiamus,
1003 2934 1067 2953 non
1104 2924 1315 2960 uoluptatem,
1354 2929 1450 2958 quam
1473 2918 1613 2958 facimus
1649 2919 1718 2947 siue
1754 2916 1896 2955 capimus.

69 2983 104 3022 8)
137 2982 332 3022 Unde-posuit
354 2992 415 3012 om.
444 2981 624 3013 iGCmvca.
676 2982 731 3021 10)
758 2982 830 3011 Ista.
855 2981 933 3010 Istas
957 2989 1020 3010 non
1046 2981 1079 3010 in
1104 2980 1194 3009 libris
1221 2981 1278 3007 est..
1306 2977 1468 3014 epicureus
1492 2975 1565 3013 AN,
1593 2974 1721 3011 Crcafh,
1754 2974 1899 3011 epicurus

68 3039 171 3077 Rl,m,
198 3040 365 3077 epicurrus
389 3049 419 3069 v.
445 3040 539 3077 ponit
562 3039 625 3076 Al,
650 3039 696 3076 111,
722 3039 827 3076 posuit
851 3048 887 3075 r.,
914 3037 981 3067 rell.
1008 3037 1148 3074 eaeponit.
1200 3033 1255 3072 12)
1284 3033 1452 3062 adridente
1468 3031 1508 3061 A.
1535 3032 1633 3061 arrid.
1660 3030 1784 3068 NRmr,
1812 3030 1897 3059 arid.

68 3095 127 3133 I,v,
160 3096 229 3125 ard.
256 3094 373 3126 Ccafh.
423 3095 478 3134 13)
505 3096 615 3134 pedem
636 3093 775 3124 AbNCr.
826 3094 882 3132 14)
910 3092 1052 3123 ferientis
1076 3089 1214 3121 AN12G
1240 3088 1294 3120 Cr.
1321 3088 1469 3120 ferientes
1494 3088 1529 3118 R.
1556 3087 1671 3118 feriant
1694 3087 1742 3116 fh.
1774 3085 1899 3116 ferienti

70 3161 169 3182 vmca.
197 3152 276 3189 pede
294 3156 408 3181 terram
424 3152 461 3181 R.
481 3152 587 3190 grauis
604 3151 691 3188 R,r1n
715 3151 783 3181 rell.
811 3159 933 3189 graues.

1660 3202 1692 3226 2*

1913 938 1954 970 10
