2283 3535
281 178 393 220 XIV
864 189 1098 221 ADDENDA
1123 190 1183 220 ET
1210 188 1528 220 CORRIGENDA.

277 315 453 371 phyrion
482 314 646 369 integer
677 322 717 354 et
748 316 883 355 Acron
921 313 965 353 in
1007 311 1222 354 Carmina.
1256 313 1292 352 2.
1331 310 1388 352 D¹'
1416 330 1469 347 z
1500 312 1620 353 7986.
1662 313 1794 353 Acron
1837 311 1881 351 in
1925 309 2112 352 Carmm.

280 387 450 442 Epodd.
482 395 521 428 et
544 385 686 428 Carm.
719 386 945 428 saeculare.
978 390 1015 427 33.
1047 385 1102 425 Bb
1124 404 1177 421 z
1201 386 1323 434 7989,
1360 386 1614 441 Porphyrion
1645 384 1688 425 in
1712 382 1897 426 Carmm.
1920 383 2013 424 Art.
2044 399 2112 439 po.

284 460 426 503 Carm.
459 460 684 502 saeculare.
720 459 888 516 Epodd.
936 468 975 500 et
1021 458 1257 500 Sermones.
1305 460 1342 498 4.
1376 460 1497 508 7985,
1546 459 1803 507 chartaceus,
1838 461 2036 499 Acronem
2070 457 2114 498 in

284 534 470 576 Carmm.
500 533 689 590 Epodos,
739 532 880 575 Carm.
927 532 1154 582 saeculare,
1201 530 1294 572 Art.
1327 547 1394 586 po.
1433 539 1557 586 atque
1589 532 1631 572 in
1665 530 1892 573 Semnones
1923 547 1948 572 a
1977 530 2049 590 lib.
2080 530 2114 581 I,

284 608 424 659 1-Π,
448 611 470 649 7
494 607 709 649 exhibens.

394 681 531 723 Porro
576 689 658 722 tres
704 687 799 722 sunt
843 680 886 720 in
930 679 1197 720 Bibliotheca
1242 678 1574 720 Armamentarii
1629 679 1752 733 (Bibl.
1801 680 1847 720 (le
1892 678 2116 733 l'at·senol)‚

283 771 389 798 unus
420 755 711 798 Sor-bonnensis
744 755 865 795 1579.
899 753 958 807 (R
988 772 1042 789 z
1073 753 1237 794 Recidu
1275 754 1376 807 562)
1423 768 1473 794 ex
1519 767 1625 794 saec.
1672 752 1755 802 XI,
1802 752 1910 794 liber
1954 752 2119 807 integer

285 828 464 871 Sernnn.
497 828 650 882 Epistt.
685 826 872 869 Carmm.
905 826 998 867 Art.
1032 842 1098 881 po.
1131 826 1306 881 Epodos
1338 834 1378 867 et
1401 824 1542 868 Carm.
1576 826 1790 867 saeculare
1822 825 2117 881 complectens,

282 918 389 944 unus
421 903 478 944 St.
517 903 649 944 Victor
681 901 735 942 ad
774 912 890 942 saec.
922 899 1018 941 XII
1055 906 1251 955 spectans
1288 907 1328 940 et
1363 897 1596 954 Epistulas,
1646 897 1872 941 Sermones
1902 913 2034 954 usque
2066 898 2120 940 ad

282 976 339 1027 ΙΙ,
372 977 410 1026 2,
444 977 496 1017 29
528 984 653 1030 atque
684 975 835 1016 iterum
859 973 1085 1016 Semnones
1121 973 1309 1028 integros
1331 972 1559 1014 continens.
1620 972 1707 1014 Hic
1734 973 1870 1014 Codex·
1898 974 2121 1014 Victorinus

283 1065 368 1091 non
398 1055 534 1105 potest
565 1049 677 1091 idem
709 1063 812 1099 esse,
846 1063 969 1103 quem
1001 1047 1152 1089 Valart
1181 1046 1325 1087 laudat
1355 1061 1395 1101 p.
1429 1048 1509 1088 305
1543 1046 1596 1087 ad
1628 1044 1677 1088 C.
1700 1046 1780 1097 ΙΙΙ,
1804 1048 1871 1096 21,
1905 1047 1983 1096 12;
2016 1045 2122 1088 odae

284 1124 396 1165 enim
427 1123 471 1164 in
498 1123 577 1165 hoc
607 1123 821 1165 uolumine
843 1137 928 1164 non
959 1121 1245 1169 continentum
1279 1135 1330 1162 ex
1351 1120 1452 1162 bibl.
1477 1120 1622 1161 eccles.
1645 1120 1743 1160 Par.
1765 1135 1884 1171 unus,
1922 1121 2053 1162 Fonds
2075 1121 2122 1162 de

283 1207 396 1240 notre
431 1199 556 1239 Dama
587 1197 648 1238 M.
682 1199 730 1245 93
762 1197 806 1238 in
836 1196 906 1238 fol.
938 1196 959 1237 Ι
991 1201 1178 1237 notatum
1211 1201 1292 1236 est:
1333 1195 1358 1235 a
1387 1194 1499 1250 l’egl.
1532 1194 1584 1235 de
1622 1193 1745 1235 Paris
1785 1195 1835 1235 9?
1878 1194 2030 1248 pertin.
2071 1193 2123 1234 ad

285 1286 393 1314 saec.
425 1270 531 1312 XII.
564 1271 730 1326 integer
763 1269 950 1312 Carmm.
982 1268 1152 1324 Epodd.
1185 1267 1371 1310 Carnnn.
1406 1282 1514 1309 saec.
1536 1267 1630 1308 Art.
1663 1283 1730 1322 po.
1762 1267 1917 1322 Epistt.
1950 1275 1990 1309 et
2021 1266 2123 1309 Ser-

286 1360 430 1387 mones
462 1345 692 1386 continens.
752 1344 804 1384 In
835 1343 980 1385 codice
1012 1344 1215 1398 scriptum
1247 1350 1330 1384 est:
1379 1348 1443 1382 ‘ex
1475 1341 1585 1383 dono
1627 1340 1717 1382 Dni
1757 1339 1911 1397 Gagne
1949 1340 2000 1382 de
2040 1340 2123 1382 Pe-

284 1419 424 1475 rigny,
473 1416 681 1460 Canoniei
721 1416 976 1459 Parisiensis
1010 1418 1118 1457 1734
1164 1415 1240 1471 (D.
1276 1417 1397 1465 184),
1442 1431 1549 1457 unus
1597 1416 1723 1456 codex
1768 1414 1808 1455 S.
1860 1415 2058 1456 Germani
2099 1431 2124 1456 a

287 1493 422 1534 Pralz's
452 1507 493 1533 n.
527 1492 648 1532 1167.
682 1492 706 1532 3
739 1491 839 1545 (uet.
880 1505 992 1531 num.
1032 1491 1104 1544 15)
1144 1504 1250 1530 saec.
1292 1488 1384 1529 XII
1416 1495 1611 1530 exaratus
1649 1496 1687 1529 et
1728 1487 1914 1530 Carlnm.
1954 1487 2124 1544 Epodd.

288 1564 474 1608 Carmen
505 1580 613 1607 saec.
645 1563 740 1605 Art.
771 1580 839 1619 po.
874 1563 1051 1605 Sermm.
1084 1570 1122 1603 et
1153 1562 1373 1618 Epistulas
1403 1577 1536 1617 usque
1572 1562 1625 1603 ad
1662 1562 1695 1610 I,
1730 1564 1751 1603 7
1796 1562 2029 1613 continens,
2076 1576 2126 1603 ac

285 1640 467 1695 denique
498 1654 605 1681 unus
634 1641 676 1680 in
710 1639 811 1680 Bibl.
844 1638 937 1680 Stae
973 1639 1203 1692 Genouesae
1235 1638 1310 1690 [St.
1335 1637 1569 1689 Geneoe'e‘ve)
1602 1652 1636 1690 γ.
1671 1638 1707 1677 2.
1740 1650 1847 1677 saec.
1881 1635 1996 1677 XIV
2027 1650 2125 1677 exa-

286 1721 411 1764 ratus,
444 1713 577 1755 codex
609 1712 787 1767 integer,
820 1712 1104 1767 complectens
1136 1711 1277 1752 omnia
1294 1709 1401 1752 Hor.
1434 1725 1564 1765 opera
1594 1710 1674 1752 hoc
1705 1710 1872 1751 ordine:
1907 1708 2125 1759 Carmina,

285 1787 474 1843 Epodos,
509 1784 652 1828 Carm.
686 1785 914 1835 saeculare,
946 1784 1096 1826 Artem
1128 1800 1210 1840 po„
1243 1784 1466 1828 Sermones
1497 1792 1535 1825 et
1567 1784 1800 1839 Epistulas,
1833 1784 1933 1826 olim
1966 1790 2031 1825 ‘ex
2061 1783 2126 1824 li-

286 1862 374 1904 bris
405 1861 461 1902 du
491 1860 651 1902 moulin
682 1858 863 1901 Henriet
905 1861 1038 1902 1682!
1113 1859 1165 1899 In
1203 1859 1350 1900 eadem
1392 1858 1650 1900 bibliotheca
1686 1858 1964 1900 adseruantur
2001 1857 2128 1899 etiam

287 1936 364 1978 sub
404 1937 441 1977 8.
481 1951 516 1988 γ,
561 1936 603 1974 1:
644 1934 746 1977 ‘Nion
785 1935 971 1977 Ncmcetz'z'
1003 1932 1245 1988 Trachyeni
1286 1931 1603 1974 Nouidunensis
1645 1930 1952 1974 Commentarii
1989 1931 2034 1973 in
2072 1930 2126 1984 Q.

286 2008 458 2052 Horatii
487 2007 634 2049 Flacci
665 2007 737 2048 lib.
771 2008 817 2049 cle
849 2016 934 2049 orte
958 2009 1126 2063 poetica,
1166 2006 1218 2047 ab
1251 2021 1299 2047 eo
1331 2005 1432 2046 editi
1465 2006 1564 2047 dum
1602 2005 1736 2061 Regis
1775 2005 2014 2062 Hispaniae
2054 2005 2128 2046 sti-

287 2083 444 2140 pendia
483 2088 715 2123 mereretur
753 2088 793 2122 et.
829 2081 1029 2136 deinceps
1067 2080 1203 2122 aucti?
1273 2078 1450 2121 Constat
1486 2080 1555 2121 hic
1596 2079 1704 2121 liber
1743 2079 1904 2121 erudite
1944 2079 2128 2135 scriptus

287 2157 398 2199 foliis
425 2157 505 2199 529
539 2155 765 2211 quaternis.
826 2155 1108 2211 Priuilegium
1140 2155 1246 2196 inest
1278 2154 1422 2195 datum
1445 2155 1639 2196 ‘Lutetiae
1673 2155 1779 2195 1579
1808 2154 2000 2209 postridie
2022 2153 2126 2197 Non.

287 2232 417 2287 Septb.
458 2256 511 2261 —
548 2231 746 2274 Nattcelz'o
784 2231 994 2272 ordinario
1037 2230 1248 2271 illustriss.
1291 2229 1479 2270 Herot'de's
1525 2229 1751 2270 Eleonoroe
1803 2227 1958 2270 Amitae
1997 2229 2128 2283 reqt'ae

286 2306 471 2349 Medico?

402 2380 466 2419 11.
498 2376 736 2419 Addendus
767 2385 828 2419 est
861 2379 1118 2419 Batauorum
1138 2375 1309 2417 Horatii
1341 2375 1547 2425 codicum,
1585 2375 1665 2416 nisi
1697 2389 1956 2431 magnopere
1986 2374 2126 2425 fallor,

288 2453 588 2508 antiquissimam
631 2452 937 2493 thanet-eram&
981 2450 1069 2492 siue
1112 2451 1475 2505 Franeqztersmus,
1532 2449 1583 2490 de
1629 2464 1710 2504 quo
1755 2449 1858 2490 alibi
1916 2448 2128 2505 copiosius

290 2526 451 2567 dictum
483 2525 719 2579 iterumque
750 2524 976 2566 dicendum
1009 2531 1080 2565 est.
1143 2522 1266 2564 Duae
1297 2523 1420 2565 huius
1452 2522 1627 2579 pei-boni
1658 2523 1757 2564 libri
1789 2524 2022 2565 collationes
2052 2522 2127 2564 ad-

291 2607 512 2641 seruantur
547 2599 590 2640 in
622 2599 867 2641 Bibliotheca
906 2599 1128 2640 Bodleiano
1169 2597 1368 2646 Ooeom'ae,
1415 2596 1547 2638 altera
1584 2603 1778 2639 accurate
1814 2597 1926 2638 facta
1962 2612 1986 2637 a
2022 2596 2127 2638 Iano

294 2673 575 2715 Broukhousio
607 2678 731 2727 atque
762 2672 976 2726 adscripta
1007 2669 1272 2726 marginibus
1304 2670 1500 2712 editionis
1532 2670 1673 2727 Lugd.
1705 2670 1820 2725 apud
1840 2669 1986 2712 Ioann.
2019 2668 2127 2711 Tor-

290 2747 481 2788 naesium
514 2747 636 2796 1561,
669 2748 694 2787 4
726 2745 983 2800 (Lambini),
1016 2744 1147 2785 altera
1178 2744 1363 2786 auctiore
1394 2752 1434 2785 et
1464 2743 1715 2786 correctiore
1747 2750 1842 2799 post
1871 2743 1987 2784 illam
2017 2743 2128 2785 faeta

291 2835 314 2860 a
350 2821 476 2862 Tolle'o
507 2826 631 2875 atque
664 2819 708 2860 111
730 2819 793 2860 ed.
816 2817 1022 2873 Antverp.
1046 2832 1096 2858 ex
1119 2817 1286 2859 officina
1307 2817 1580 2858 Plantiniana
1601 2817 1714 2872 apud
1735 2816 1890 2859 Joann.
1913 2816 2127 2858 Moretum

294 2894 415 2942 1608,
447 2896 471 2933 4
506 2893 759 2945 (Torrentii)
792 2892 995 2948 deposita.
1055 2891 1349 2933 Broukhusius
1371 2901 1466 2932 ante
1488 2891 1585 2932 Lib.
1609 2891 1629 2931 I
1652 2891 1809 2932 notauit
1838 2891 1960 2931 haec:
1995 2888 2126 2931 ‘Con-

290 2965 366 3006 tuli
405 2981 499 3006 cum
532 2965 691 3007 Codice
713 2966 795 3007 Ms.
827 2968 922 3007 satis
955 2967 1117 3021 antiquo
1140 2965 1210 3019 qui
1236 2963 1382 3006 Codex
1405 2972 1464 3005 est
1487 2964 1778 3005 Bibliothecae
1799 2962 2126 3004 Frauekeranae

291 3037 345 3079 A.
370 3036 663 3083 CIOIOCCV
686 3040 837 3093 (1705)
859 3053 1002 3080 mense
1025 3037 1217 3080 Octobri.
1279 3037 1406 3078 Ianus
1430 3037 1747 3079 Broukhusius.⁷
1794 3036 1957 3078 Tollius
1978 3035 2126 3077 eodem

292 3111 385 3154 1000
417 3111 564 3153 eadem
595 3112 726 3153 uerba
757 3119 924 3167 praeter
954 3126 1108 3153 nomen
1138 3111 1251 3152 illius
1281 3109 1333 3151 V.
1366 3109 1437 3159 D.,
1470 3109 1512 3151 in
1544 3110 1608 3151 ed.
1640 3110 1713 3151 illa
1742 3109 1901 3165 posuit:
1940 3107 2127 3151 ‘Contuli

293 3211 345 3215 —
379 3183 586 3235 Octobri’,
618 3184 675 3226 ita
705 3191 748 3226 ut
779 3184 921 3226 omnia
951 3185 1027 3226 tibi
1061 3184 1272 3239 descripta
1303 3199 1353 3224 ex
1384 3182 1492 3225 libro
1514 3183 1840 3225 Broukhusiano
1870 3182 2007 3224 uideri
2028 3196 2125 3237 pos-
