<?xml version="1.0" encoding="UTF-8"?>
<!DOCTYPE html PUBLIC "-//W3C//DTD XHTML 1.0 Transitional//EN"
    "http://www.w3.org/TR/xhtml1/DTD/xhtml1-transitional.dtd">
<html xmlns="http://www.w3.org/1999/xhtml" xml:lang="en" lang="en">
 <head>
  <title>
</title>
<meta http-equiv="Content-Type" content="text/html;charset=utf-8" />
  <meta name='ocr-system' content='tesseract 3.04.00' />
  <meta name='ocr-capabilities' content='ocr_page ocr_carea ocr_par ocr_line ocrx_word'/>
</head>
<body>
  <div class='ocr_page' id='page_1' title='image "acronisetporphyr01pseuuoft_0446.png"; bbox 0 0 2283 3535; ppageno 0'>
   <div class='ocr_carea' id='block_1_1' title="bbox 345 184 1534 227">
    <p class='ocr_par' dir='ltr' id='par_1_1' title="bbox 345 184 1534 227">
     <span class='ocr_line' id='line_1_1' title="bbox 345 184 1534 227; baseline 0.002 -3"><span class='ocrx_word' id='word_1_1' title='bbox 345 184 429 224; x_wconf 81' lang='lat'>420</span> <span class='ocrx_word' id='word_1_2' title='bbox 975 193 1534 227; x_wconf 52' lang='lat' dir='ltr'>ACR.ET¹PORPH.COMRL</span> 
     </span>
    </p>
   </div>
   <div class='ocr_carea' id='block_1_2' title="bbox 348 317 2177 520">
    <p class='ocr_par' dir='ltr' id='par_1_2' title="bbox 348 317 2177 520">
     <span class='ocr_line' id='line_1_2' title="bbox 459 317 2177 375; baseline 0 -16"><span class='ocrx_word' id='word_1_3' title='bbox 459 319 639 359; x_wconf 76' lang='lat'>31-32,</span> <span class='ocrx_word' id='word_1_4' title='bbox 672 332 744 372; x_wconf 72' lang='lat' dir='ltr'>aye</span> <span class='ocrx_word' id='word_1_5' title='bbox 775 318 798 358; x_wconf 82' lang='grc' dir='ltr'>ι’.</span> <span class='ocrx_word' id='word_1_6' title='bbox 829 332 878 359; x_wconf 84' lang='lat' dir='ltr'>m.</span> <span class='ocrx_word' id='word_1_7' title='bbox 908 319 938 372; x_wconf 85' lang='lat' dir='ltr'>f.</span> <span class='ocrx_word' id='word_1_8' title='bbox 970 334 1006 359; x_wconf 81' lang='lat' dir='ltr'>a.</span> <span class='ocrx_word' id='word_1_9' title='bbox 1037 333 1078 359; x_wconf 73' lang='lat' dir='ltr'>n.</span> <span class='ocrx_word' id='word_1_10' title='bbox 1110 334 1140 360; x_wconf 84' lang='lat' dir='ltr'>e.</span> <span class='ocrx_word' id='word_1_11' title='bbox 1165 325 1258 375; x_wconf 82' lang='lat' dir='ltr'>post</span> <span class='ocrx_word' id='word_1_12' title='bbox 1286 318 1362 359; x_wconf 77' lang='lat' dir='ltr'>hac</span> <span class='ocrx_word' id='word_1_13' title='bbox 1394 333 1430 358; x_wconf 84' lang='grc' dir='ltr'>α.</span> <span class='ocrx_word' id='word_1_14' title='bbox 1464 333 1495 359; x_wconf 84' lang='lat' dir='ltr'>c.</span> <span class='ocrx_word' id='word_1_15' title='bbox 1527 319 1556 373; x_wconf 82' lang='lat' dir='ltr'>s.</span> <span class='ocrx_word' id='word_1_16' title='bbox 1638 317 1782 371; x_wconf 80' lang='lat' dir='ltr'>Quare</span> <span class='ocrx_word' id='word_1_17' title='bbox 1818 319 1945 360; x_wconf 91' lang='lat' dir='ltr'>finem</span> <span class='ocrx_word' id='word_1_18' title='bbox 1986 333 2177 360; x_wconf 87' lang='lat' dir='ltr'>amorum</span> 
     </span>
     <span class='ocr_line' id='line_1_3' title="bbox 348 391 2177 447; baseline -0.001 -14"><span class='ocrx_word' id='word_1_19' title='bbox 348 407 517 434; x_wconf 90' lang='lat' dir='ltr'>suorum</span> <span class='ocrx_word' id='word_1_20' title='bbox 547 392 656 432; x_wconf 88' lang='lat' dir='ltr'>hanc</span> <span class='ocrx_word' id='word_1_21' title='bbox 686 391 851 442; x_wconf 78' lang='lat' dir='ltr'><strong>dixerit,</strong></span> <span class='ocrx_word' id='word_1_22' title='bbox 884 391 975 447; x_wconf 86' lang='lat' dir='ltr'>ipse</span> <span class='ocrx_word' id='word_1_23' title='bbox 1006 392 1205 441; x_wconf 82' lang='lat' dir='ltr'>ostendit3</span> <span class='ocrx_word' id='word_1_24' title='bbox 1238 391 1340 433; x_wconf 90' lang='lat' dir='ltr'>ordo</span> <span class='ocrx_word' id='word_1_25' title='bbox 1371 398 1433 433; x_wconf 89' lang='lat' dir='ltr'>est</span> <span class='ocrx_word' id='word_1_26' title='bbox 1453 398 1611 433; x_wconf 84' lang='lat' dir='ltr'>autem:</span> <span class='ocrx_word' id='word_1_27' title='bbox 1646 407 1722 447; x_wconf 81' lang='lat' dir='ltr'>age</span> <span class='ocrx_word' id='word_1_28' title='bbox 1743 392 1841 443; x_wconf 86' lang='lat' dir='ltr'>iam,</span> <span class='ocrx_word' id='word_1_29' title='bbox 1872 407 2061 434; x_wconf 89' lang='lat' dir='ltr'>meorum</span> <span class='ocrx_word' id='word_1_30' title='bbox 2081 391 2177 433; x_wconf 91' lang='lat' dir='ltr'>finis</span> 
     </span>
     <span class='ocr_line' id='line_1_4' title="bbox 349 464 1024 520; baseline -0.001 -14"><span class='ocrx_word' id='word_1_31' title='bbox 349 480 552 515; x_wconf 85' lang='lat' dir='ltr'>amorum,</span> <span class='ocrx_word' id='word_1_32' title='bbox 585 464 781 507; x_wconf 81' lang='lat' dir='ltr'>condisce</span> <span class='ocrx_word' id='word_1_33' title='bbox 811 465 967 507; x_wconf 88' lang='lat' dir='ltr'>modos.</span> <span class='ocrx_word' id='word_1_34' title='bbox 985 466 1024 520; x_wconf 90' lang='lat'>†)</span> 
     </span>
    </p>
   </div>
   <div class='ocr_carea' id='block_1_3' title="bbox 285 621 303 651">
    <p class='ocr_par' dir='ltr' id='par_1_3' title="bbox 285 621 303 651">
     <span class='ocr_line' id='line_1_5' title="bbox 285 621 303 651; textangle 90"><span class='ocrx_word' id='word_1_35' title='bbox 285 621 303 651; x_wconf 64' lang='lat' dir='ltr'>C*</span> 
     </span>
    </p>
   </div>
   <div class='ocr_carea' id='block_1_4' title="bbox 981 613 1559 767">
    <p class='ocr_par' dir='ltr' id='par_1_4' title="bbox 981 613 1559 767">
     <span class='ocr_line' id='line_1_6' title="bbox 981 613 1559 681; baseline 0 -14"><span class='ocrx_word' id='word_1_36' title='bbox 981 613 1299 667; x_wconf 80' lang='lat' dir='ltr'><strong>CARMEN</strong></span> <span class='ocrx_word' id='word_1_37' title='bbox 1340 614 1443 681; x_wconf 71' lang='lat' dir='ltr'>IV,</span> <span class='ocrx_word' id='word_1_38' title='bbox 1485 617 1559 667; x_wconf 81' lang='lat'>12.</span> 
     </span>
     <span class='ocr_line' id='line_1_7' title="bbox 1166 723 1355 767; baseline 0 -1"><span class='ocrx_word' id='word_1_39' title='bbox 1166 723 1355 767; x_wconf 82' lang='lat' dir='ltr'>AcRoN.</span> 
     </span>
    </p>
   </div>
   <div class='ocr_carea' id='block_1_5' title="bbox 284 818 2184 1097">
    <p class='ocr_par' dir='ltr' id='par_1_5' title="bbox 462 818 2181 875">
     <span class='ocr_line' id='line_1_8' title="bbox 462 818 2181 875; baseline 0.001 -14"><span class='ocrx_word' id='word_1_40' title='bbox 462 821 549 861; x_wconf 81' lang='lat' dir='ltr'>Iam</span> <span class='ocrx_word' id='word_1_41' title='bbox 580 835 618 861; x_wconf 81' lang='lat' dir='ltr'>u.</span> <span class='ocrx_word' id='word_1_42' title='bbox 658 836 690 861; x_wconf 85' lang='lat' dir='ltr'>c.</span> <span class='ocrx_word' id='word_1_43' title='bbox 731 834 764 875; x_wconf 85' lang='lat' dir='ltr'>q.</span> <span class='ocrx_word' id='word_1_44' title='bbox 805 834 854 861; x_wconf 87' lang='lat' dir='ltr'>m.</span> <span class='ocrx_word' id='word_1_45' title='bbox 892 828 916 861; x_wconf 85' lang='lat' dir='ltr'>t.</span> <span class='ocrx_word' id='word_1_46' title='bbox 990 818 1063 860; x_wconf 87' lang='lat' dir='ltr'>Ad</span> <span class='ocrx_word' id='word_1_47' title='bbox 1107 818 1349 875; x_wconf 81' lang='lat' dir='ltr'>Vergilium</span> <span class='ocrx_word' id='word_1_48' title='bbox 1394 819 1699 875; x_wconf 82' lang='lat' dir='ltr'>negotiatorem</span> <span class='ocrx_word' id='word_1_49' title='bbox 1744 820 1891 862; x_wconf 78' lang='lat' dir='ltr'>scribit</span> <span class='ocrx_word' id='word_1_50' title='bbox 1934 820 2181 871; x_wconf 88' lang='lat' dir='ltr'>admonens,</span> 
     </span>
    </p>

    <p class='ocr_par' dir='ltr' id='par_1_6' title="bbox 349 892 2184 950">
     <span class='ocr_line' id='line_1_9' title="bbox 349 892 2184 950; baseline 0 -15"><span class='ocrx_word' id='word_1_51' title='bbox 349 894 461 935; x_wconf 89' lang='lat' dir='ltr'>ueris</span> <span class='ocrx_word' id='word_1_52' title='bbox 492 900 656 949; x_wconf 85' lang='lat' dir='ltr'>tempus</span> <span class='ocrx_word' id='word_1_53' title='bbox 688 907 778 935; x_wconf 90' lang='lat' dir='ltr'>esse</span> <span class='ocrx_word' id='word_1_54' title='bbox 809 899 954 949; x_wconf 89' lang='lat' dir='ltr'>aptum</span> <span class='ocrx_word' id='word_1_55' title='bbox 983 893 1169 950; x_wconf 88' lang='lat' dir='ltr'>nauigio.</span> <span class='ocrx_word' id='word_1_56' title='bbox 1229 892 1444 934; x_wconf 85' lang='lat' dir='ltr'>Usitatum</span> <span class='ocrx_word' id='word_1_57' title='bbox 1476 900 1613 935; x_wconf 85' lang='lat' dir='ltr'>autem</span> <span class='ocrx_word' id='word_1_58' title='bbox 1650 894 1784 949; x_wconf 88' lang='lat' dir='ltr'>poetis</span> <span class='ocrx_word' id='word_1_59' title='bbox 1822 901 1895 945; x_wconf 84' lang='lat' dir='ltr'>est,</span> <span class='ocrx_word' id='word_1_60' title='bbox 1926 896 2080 937; x_wconf 76' lang='lat' dir='ltr'>animas</span> <span class='ocrx_word' id='word_1_61' title='bbox 2118 895 2184 935; x_wconf 90' lang='lat' dir='ltr'>di-</span> 
     </span>
    </p>

    <p class='ocr_par' dir='ltr' id='par_1_7' title="bbox 284 965 2183 1097">
     <span class='ocr_line' id='line_1_10' title="bbox 284 965 2183 1023; baseline -0.001 -14"><span class='ocrx_word' id='word_1_62' title='bbox 284 986 324 1017; x_wconf 79' lang='lat'>10</span> <span class='ocrx_word' id='word_1_63' title='bbox 351 982 445 1009; x_wconf 93' lang='lat' dir='ltr'>cere</span> <span class='ocrx_word' id='word_1_64' title='bbox 475 967 596 1009; x_wconf 86' lang='lat' dir='ltr'>flatus</span> <span class='ocrx_word' id='word_1_65' title='bbox 626 973 861 1018; x_wconf 88' lang='lat' dir='ltr'>uentorum,</span> <span class='ocrx_word' id='word_1_66' title='bbox 893 967 993 1008; x_wconf 89' lang='lat' dir='ltr'>dum</span> <span class='ocrx_word' id='word_1_67' title='bbox 1014 967 1068 1008; x_wconf 89' lang='lat' dir='ltr'>ad</span> <span class='ocrx_word' id='word_1_68' title='bbox 1100 965 1314 1009; x_wconf 83' lang='lat' dir='ltr'>Graecum</span> <span class='ocrx_word' id='word_1_69' title='bbox 1345 967 1598 1008; x_wconf 88' lang='lat' dir='ltr'>uocabulum</span> <span class='ocrx_word' id='word_1_70' title='bbox 1619 968 1802 1009; x_wconf 85' lang='lat' dir='ltr'>referunt</span> <span class='ocrx_word' id='word_1_71' title='bbox 1826 968 1988 1023; x_wconf 74' lang='grc' dir='ltr'>ἄνεμος,</span> <span class='ocrx_word' id='word_1_72' title='bbox 2024 975 2069 1009; x_wconf 91' lang='lat' dir='ltr'>ut</span> <span class='ocrx_word' id='word_1_73' title='bbox 2109 966 2183 1023; x_wconf 87' lang='lat' dir='ltr'>(A.</span> 
     </span>
     <span class='ocr_line' id='line_1_11' title="bbox 349 1029 1456 1097; baseline -0.002 -15"><span class='ocrx_word' id='word_1_74' title='bbox 349 1039 474 1091; x_wconf 87' lang='lat' dir='ltr'>VIII,</span> <span class='ocrx_word' id='word_1_75' title='bbox 506 1040 630 1096; x_wconf 80' lang='lat'>403):</span> <span class='ocrx_word' id='word_1_76' title='bbox 669 1041 878 1091; x_wconf 78' lang='lat' dir='ltr'>Quantum</span> <span class='ocrx_word' id='word_1_77' title='bbox 907 1029 1030 1095; x_wconf 50' lang='lat' dir='ltr'>iqnea</span> <span class='ocrx_word' id='word_1_78' title='bbox 1049 1044 1280 1097; x_wconf 67' lang='lat' dir='ltr'>animaeque</span> <span class='ocrx_word' id='word_1_79' title='bbox 1310 1041 1456 1082; x_wconf 72' lang='lat' dir='ltr'>ualent.</span> 
     </span>
    </p>
   </div>
   <div class='ocr_carea' id='block_1_6' title="bbox 466 1113 1138 1229">
    <p class='ocr_par' dir='ltr' id='par_1_8' title="bbox 466 1113 1138 1229">
     <span class='ocr_line' id='line_1_12' title="bbox 466 1113 1138 1170; baseline 0.003 -16"><span class='ocrx_word' id='word_1_80' title='bbox 466 1115 502 1154; x_wconf 86' lang='lat'>1.</span> <span class='ocrx_word' id='word_1_81' title='bbox 536 1122 766 1170; x_wconf 75' lang='lat' dir='ltr'>temperant.</span> <span class='ocrx_word' id='word_1_82' title='bbox 827 1113 1138 1169; x_wconf 86' lang='lat' dir='ltr'>Tranquillant.</span> 
     </span>
     <span class='ocr_line' id='line_1_13' title="bbox 468 1186 851 1229; baseline 0.003 -2"><span class='ocrx_word' id='word_1_83' title='bbox 468 1191 505 1228; x_wconf 90' lang='grc'>2.</span> <span class='ocrx_word' id='word_1_84' title='bbox 538 1188 669 1229; x_wconf 73' lang='lat' dir='ltr'>lintea.</span> <span class='ocrx_word' id='word_1_85' title='bbox 730 1186 851 1229; x_wconf 85' lang='lat' dir='ltr'>Vela.</span> 
     </span>
    </p>
   </div>
   <div class='ocr_carea' id='block_1_7' title="bbox 287 1260 2185 1390">
    <p class='ocr_par' dir='ltr' id='par_1_9' title="bbox 287 1260 2185 1390">
     <span class='ocr_line' id='line_1_14' title="bbox 466 1260 2185 1317; baseline 0.001 -15"><span class='ocrx_word' id='word_1_86' title='bbox 466 1262 503 1302; x_wconf 86' lang='lat'>3.</span> <span class='ocrx_word' id='word_1_87' title='bbox 536 1262 617 1302; x_wconf 72' lang='lat' dir='ltr'>iam</span> <span class='ocrx_word' id='word_1_88' title='bbox 647 1276 719 1302; x_wconf 76' lang='lat' dir='ltr'>nec</span> <span class='ocrx_word' id='word_1_89' title='bbox 745 1277 785 1317; x_wconf 85' lang='lat' dir='ltr'>p.</span> <span class='ocrx_word' id='word_1_90' title='bbox 816 1276 851 1303; x_wconf 79' lang='lat' dir='ltr'>r.</span> <span class='ocrx_word' id='word_1_91' title='bbox 922 1260 1022 1316; x_wconf 90' lang='lat' dir='ltr'>Ipso</span> <span class='ocrx_word' id='word_1_92' title='bbox 1067 1260 1179 1302; x_wconf 88' lang='lat' dir='ltr'>enim</span> <span class='ocrx_word' id='word_1_93' title='bbox 1222 1267 1410 1315; x_wconf 87' lang='lat' dir='ltr'>tempore</span> <span class='ocrx_word' id='word_1_94' title='bbox 1449 1268 1487 1302; x_wconf 86' lang='lat' dir='ltr'>et</span> <span class='ocrx_word' id='word_1_95' title='bbox 1524 1261 1690 1317; x_wconf 81' lang='lat' dir='ltr'>hiemps</span> <span class='ocrx_word' id='word_1_96' title='bbox 1736 1261 1944 1303; x_wconf 84' lang='lat' dir='ltr'>clauditur</span> <span class='ocrx_word' id='word_1_97' title='bbox 1989 1268 2030 1303; x_wconf 92' lang='lat' dir='ltr'>et</span> <span class='ocrx_word' id='word_1_98' title='bbox 2072 1261 2185 1303; x_wconf 90' lang='lat' dir='ltr'>ueris</span> 
     </span>
     <span class='ocr_line' id='line_1_15' title="bbox 287 1334 1536 1390; baseline -0.002 -13"><span class='ocrx_word' id='word_1_99' title='bbox 287 1353 327 1384; x_wconf 82' lang='lat'>15</span> <span class='ocrx_word' id='word_1_100' title='bbox 354 1335 586 1377; x_wconf 80' lang='lat' dir='ltr'>amoenitas</span> <span class='ocrx_word' id='word_1_101' title='bbox 617 1335 817 1390; x_wconf 88' lang='lat' dir='ltr'>aperitur,</span> <span class='ocrx_word' id='word_1_102' title='bbox 849 1350 932 1390; x_wconf 90' lang='lat' dir='ltr'>quo</span> <span class='ocrx_word' id='word_1_103' title='bbox 961 1334 1179 1376; x_wconf 90' lang='lat' dir='ltr'>Fauonius</span> <span class='ocrx_word' id='word_1_104' title='bbox 1210 1335 1394 1390; x_wconf 88' lang='lat' dir='ltr'>coeperit</span> <span class='ocrx_word' id='word_1_105' title='bbox 1424 1334 1536 1375; x_wconf 88' lang='lat' dir='ltr'>flare.</span> 
     </span>
    </p>
   </div>
   <div class='ocr_carea' id='block_1_8' title="bbox 355 1407 2188 1537">
    <p class='ocr_par' dir='ltr' id='par_1_10' title="bbox 355 1407 2188 1537">
     <span class='ocr_line' id='line_1_16' title="bbox 467 1407 2188 1464; baseline -0.001 -14"><span class='ocrx_word' id='word_1_106' title='bbox 467 1411 559 1450; x_wconf 43' lang='lat' dir='ltr'>‘niue</span> <span class='ocrx_word' id='word_1_107' title='bbox 591 1409 751 1464; x_wconf 70' lang='lat' dir='ltr'>turqe&#39;cle‘.</span> <span class='ocrx_word' id='word_1_108' title='bbox 826 1407 1032 1449; x_wconf 85' lang='lat' dir='ltr'>Adultum</span> <span class='ocrx_word' id='word_1_109' title='bbox 1063 1409 1148 1449; x_wconf 89' lang='lat' dir='ltr'>iam</span> <span class='ocrx_word' id='word_1_110' title='bbox 1179 1408 1291 1450; x_wconf 87' lang='lat' dir='ltr'>ueris</span> <span class='ocrx_word' id='word_1_111' title='bbox 1322 1416 1486 1463; x_wconf 89' lang='lat' dir='ltr'>tempus</span> <span class='ocrx_word' id='word_1_112' title='bbox 1517 1408 1606 1449; x_wconf 90' lang='lat' dir='ltr'>uult</span> <span class='ocrx_word' id='word_1_113' title='bbox 1635 1407 1838 1464; x_wconf 83' lang='lat' dir='ltr'>intellegi,</span> <span class='ocrx_word' id='word_1_114' title='bbox 1886 1409 2085 1464; x_wconf 90' lang='lat' dir='ltr'>quoniam</span> <span class='ocrx_word' id='word_1_115' title='bbox 2114 1408 2188 1450; x_wconf 84' lang='lat' dir='ltr'>nix</span> 
     </span>
     <span class='ocr_line' id='line_1_17' title="bbox 355 1482 770 1537; baseline 0 -14"><span class='ocrx_word' id='word_1_116' title='bbox 355 1482 492 1524; x_wconf 90' lang='lat' dir='ltr'>omnis</span> <span class='ocrx_word' id='word_1_117' title='bbox 523 1483 667 1537; x_wconf 84' lang='lat' dir='ltr'>elapsa</span> <span class='ocrx_word' id='word_1_118' title='bbox 698 1489 770 1524; x_wconf 85' lang='lat' dir='ltr'>est.</span> 
     </span>
    </p>
   </div>
   <div class='ocr_carea' id='block_1_9' title="bbox 290 1555 2192 2127">
    <p class='ocr_par' dir='ltr' id='par_1_11' title="bbox 356 1555 2189 1670">
     <span class='ocr_line' id='line_1_18' title="bbox 470 1555 2189 1613; baseline 0 -15"><span class='ocrx_word' id='word_1_119' title='bbox 470 1558 507 1598; x_wconf 83' lang='lat'>5.</span> <span class='ocrx_word' id='word_1_120' title='bbox 537 1571 576 1598; x_wconf 72' lang='lat' dir='ltr'>n.</span> <span class='ocrx_word' id='word_1_121' title='bbox 603 1558 717 1612; x_wconf 69' lang='lat' dir='ltr'>ponit</span> <span class='ocrx_word' id='word_1_122' title='bbox 749 1557 854 1612; x_wconf 79' lang='lat' dir='ltr'>Ityn.</span> <span class='ocrx_word' id='word_1_123' title='bbox 928 1555 1016 1611; x_wconf 84' lang='lat' dir='ltr'>Itys</span> <span class='ocrx_word' id='word_1_124' title='bbox 1045 1555 1156 1597; x_wconf 89' lang='lat' dir='ltr'>filius</span> <span class='ocrx_word' id='word_1_125' title='bbox 1189 1555 1304 1613; x_wconf 85' lang='lat' dir='ltr'>[fuit]</span> <span class='ocrx_word' id='word_1_126' title='bbox 1336 1555 1543 1611; x_wconf 87' lang='lat' dir='ltr'>Prognes,</span> <span class='ocrx_word' id='word_1_127' title='bbox 1590 1569 1715 1610; x_wconf 87' lang='lat' dir='ltr'>quem</span> <span class='ocrx_word' id='word_1_128' title='bbox 1745 1555 1900 1598; x_wconf 87' lang='lat' dir='ltr'>occidit</span> <span class='ocrx_word' id='word_1_129' title='bbox 1936 1555 1989 1598; x_wconf 90' lang='lat' dir='ltr'>ob</span> <span class='ocrx_word' id='word_1_130' title='bbox 2021 1555 2189 1612; x_wconf 86' lang='lat' dir='ltr'>culpam</span> 
     </span>
     <span class='ocr_line' id='line_1_19' title="bbox 356 1629 494 1670; baseline 0 0"><span class='ocrx_word' id='word_1_131' title='bbox 356 1629 494 1670; x_wconf 85' lang='lat' dir='ltr'>Terei.</span> 
     </span>
    </p>

    <p class='ocr_par' dir='ltr' id='par_1_12' title="bbox 290 1702 1795 1759">
     <span class='ocr_line' id='line_1_20' title="bbox 290 1702 1795 1759; baseline -0.001 -15"><span class='ocrx_word' id='word_1_132' title='bbox 290 1720 331 1752; x_wconf 79' lang='lat'>20</span> <span class='ocrx_word' id='word_1_133' title='bbox 466 1704 552 1758; x_wconf 82' lang='lat' dir='ltr'>fleb.</span> <span class='ocrx_word' id='word_1_134' title='bbox 582 1718 619 1757; x_wconf 72' lang='lat'>9.</span> <span class='ocrx_word' id='word_1_135' title='bbox 650 1704 720 1757; x_wconf 66' lang='lat' dir='ltr'>insss</span> <span class='ocrx_word' id='word_1_136' title='bbox 753 1719 788 1743; x_wconf 82' lang='lat' dir='ltr'>a.</span> <span class='ocrx_word' id='word_1_137' title='bbox 849 1702 1021 1759; x_wconf 85' lang='lat' dir='ltr'>Progne</span> <span class='ocrx_word' id='word_1_138' title='bbox 1052 1703 1165 1743; x_wconf 88' lang='lat' dir='ltr'>enim</span> <span class='ocrx_word' id='word_1_139' title='bbox 1196 1716 1316 1743; x_wconf 83' lang='lat' dir='ltr'>uersa</span> <span class='ocrx_word' id='word_1_140' title='bbox 1347 1708 1407 1744; x_wconf 87' lang='lat' dir='ltr'>est</span> <span class='ocrx_word' id='word_1_141' title='bbox 1438 1702 1482 1743; x_wconf 93' lang='lat' dir='ltr'>in</span> <span class='ocrx_word' id='word_1_142' title='bbox 1512 1702 1795 1744; x_wconf 84' lang='lat' dir='ltr'>hirundinem.</span> 
     </span>
    </p>

    <p class='ocr_par' dir='ltr' id='par_1_13' title="bbox 356 1774 2192 2054">
     <span class='ocr_line' id='line_1_21' title="bbox 471 1774 2191 1832; baseline 0.001 -15"><span class='ocrx_word' id='word_1_143' title='bbox 471 1778 507 1817; x_wconf 82' lang='lat' dir='ltr'>b&#39;.</span> <span class='ocrx_word' id='word_1_144' title='bbox 545 1776 704 1832; x_wconf 79' lang='lat' dir='ltr'>Cecrop.</span> <span class='ocrx_word' id='word_1_145' title='bbox 739 1778 775 1818; x_wconf 76' lang='lat' dir='ltr'>(I.</span> <span class='ocrx_word' id='word_1_146' title='bbox 857 1774 1046 1831; x_wconf 85' lang='lat' dir='ltr'>Cecrops</span> <span class='ocrx_word' id='word_1_147' title='bbox 1091 1776 1177 1818; x_wconf 84' lang='lat' dir='ltr'>dux</span> <span class='ocrx_word' id='word_1_148' title='bbox 1222 1775 1544 1817; x_wconf 85' lang='lat' dir='ltr'>Atheniensium</span> <span class='ocrx_word' id='word_1_149' title='bbox 1591 1776 1680 1817; x_wconf 82' lang='lat' dir='ltr'>fuit.</span> <span class='ocrx_word' id='word_1_150' title='bbox 1757 1775 2040 1819; x_wconf 86' lang='lat' dir='ltr'>Athenienses</span> <span class='ocrx_word' id='word_1_151' title='bbox 2078 1778 2191 1819; x_wconf 89' lang='lat' dir='ltr'>enim</span> 
     </span>
     <span class='ocr_line' id='line_1_22' title="bbox 356 1848 2192 1907; baseline 0.001 -16"><span class='ocrx_word' id='word_1_152' title='bbox 356 1850 524 1891; x_wconf 85' lang='lat' dir='ltr'>fuerunt</span> <span class='ocrx_word' id='word_1_153' title='bbox 554 1849 716 1891; x_wconf 84' lang='lat' dir='ltr'>Tereus</span> <span class='ocrx_word' id='word_1_154' title='bbox 747 1856 787 1890; x_wconf 88' lang='lat' dir='ltr'>et</span> <span class='ocrx_word' id='word_1_155' title='bbox 816 1849 1001 1906; x_wconf 86' lang='lat' dir='ltr'>Progne.</span> <span class='ocrx_word' id='word_1_156' title='bbox 1061 1848 1146 1890; x_wconf 90' lang='lat' dir='ltr'>Per</span> <span class='ocrx_word' id='word_1_157' title='bbox 1174 1849 1390 1905; x_wconf 88' lang='lat' dir='ltr'>Prognem</span> <span class='ocrx_word' id='word_1_158' title='bbox 1411 1864 1512 1891; x_wconf 88' lang='lat' dir='ltr'>uero</span> <span class='ocrx_word' id='word_1_159' title='bbox 1533 1849 1802 1891; x_wconf 88' lang='lat' dir='ltr'>hirundinem</span> <span class='ocrx_word' id='word_1_160' title='bbox 1824 1850 2064 1906; x_wconf 85' lang='lat' dir='ltr'>significat„</span> <span class='ocrx_word' id='word_1_161' title='bbox 2085 1866 2192 1907; x_wconf 88' lang='lat' dir='ltr'>quae</span> 
     </span>
     <span class='ocr_line' id='line_1_23' title="bbox 357 1922 2191 1979; baseline 0.001 -15"><span class='ocrx_word' id='word_1_162' title='bbox 357 1938 405 1964; x_wconf 91' lang='lat' dir='ltr'>eo</span> <span class='ocrx_word' id='word_1_163' title='bbox 436 1930 624 1978; x_wconf 86' lang='lat' dir='ltr'>tempore</span> <span class='ocrx_word' id='word_1_164' title='bbox 656 1932 844 1978; x_wconf 87' lang='lat' dir='ltr'>apparet.</span> <span class='ocrx_word' id='word_1_165' title='bbox 904 1922 1015 1964; x_wconf 82' lang='lat' dir='ltr'>Nota</span> <span class='ocrx_word' id='word_1_166' title='bbox 1045 1923 1220 1964; x_wconf 87' lang='lat' dir='ltr'>historia</span> <span class='ocrx_word' id='word_1_167' title='bbox 1250 1930 1324 1973; x_wconf 88' lang='lat' dir='ltr'>est,</span> <span class='ocrx_word' id='word_1_168' title='bbox 1358 1924 1470 1978; x_wconf 88' lang='lat' dir='ltr'>quod</span> <span class='ocrx_word' id='word_1_169' title='bbox 1501 1939 1578 1978; x_wconf 86' lang='lat' dir='ltr'>pro</span> <span class='ocrx_word' id='word_1_170' title='bbox 1609 1931 1753 1979; x_wconf 89' lang='lat' dir='ltr'>stupro</span> <span class='ocrx_word' id='word_1_171' title='bbox 1785 1924 1940 1966; x_wconf 90' lang='lat' dir='ltr'>sororis</span> <span class='ocrx_word' id='word_1_172' title='bbox 1975 1924 2191 1966; x_wconf 90' lang='lat' dir='ltr'>Philome-</span> 
     </span>
     <span class='ocr_line' id='line_1_24' title="bbox 356 1996 2191 2054; baseline 0.001 -16"><span class='ocrx_word' id='word_1_173' title='bbox 356 1997 422 2038; x_wconf 89' lang='lat' dir='ltr'>lae</span> <span class='ocrx_word' id='word_1_174' title='bbox 454 1997 507 2037; x_wconf 87' lang='lat' dir='ltr'>ad</span> <span class='ocrx_word' id='word_1_175' title='bbox 537 1997 769 2038; x_wconf 88' lang='lat' dir='ltr'>uindictam</span> <span class='ocrx_word' id='word_1_176' title='bbox 800 1997 931 2038; x_wconf 91' lang='lat' dir='ltr'>filium</span> <span class='ocrx_word' id='word_1_177' title='bbox 947 1996 1073 2037; x_wconf 87' lang='lat' dir='ltr'>Terei</span> <span class='ocrx_word' id='word_1_178' title='bbox 1104 1997 1301 2038; x_wconf 89' lang='lat' dir='ltr'>reciderit</span> <span class='ocrx_word' id='word_1_179' title='bbox 1331 1996 1516 2052; x_wconf 86' lang='lat' dir='ltr'>Progne,</span> <span class='ocrx_word' id='word_1_180' title='bbox 1549 2004 1586 2038; x_wconf 91' lang='lat' dir='ltr'>et</span> <span class='ocrx_word' id='word_1_181' title='bbox 1607 1997 1684 2039; x_wconf 81' lang='lat' dir='ltr'>fuit</span> <span class='ocrx_word' id='word_1_182' title='bbox 1706 1998 1825 2053; x_wconf 86' lang='lat' dir='ltr'>peior</span> <span class='ocrx_word' id='word_1_183' title='bbox 1845 2013 1984 2053; x_wconf 83' lang='lat' dir='ltr'>paena</span> <span class='ocrx_word' id='word_1_184' title='bbox 2004 2005 2191 2054; x_wconf 84' lang='lat' dir='ltr'>peccato,</span> 
     </span>
    </p>

    <p class='ocr_par' dir='ltr' id='par_1_14' title="bbox 291 2070 2191 2127">
     <span class='ocr_line' id='line_1_25' title="bbox 291 2070 2191 2127; baseline 0.002 -16"><span class='ocrx_word' id='word_1_185' title='bbox 291 2089 332 2118; x_wconf 73' lang='lat'>25</span> <span class='ocrx_word' id='word_1_186' title='bbox 359 2071 459 2111; x_wconf 87' lang='lat' dir='ltr'>dum</span> <span class='ocrx_word' id='word_1_187' title='bbox 491 2070 763 2112; x_wconf 82' lang='lat' dir='ltr'>committitur</span> <span class='ocrx_word' id='word_1_188' title='bbox 794 2070 1070 2125; x_wconf 88' lang='lat' dir='ltr'>parricidium</span> <span class='ocrx_word' id='word_1_189' title='bbox 1101 2078 1275 2125; x_wconf 89' lang='lat' dir='ltr'>propter</span> <span class='ocrx_word' id='word_1_190' title='bbox 1310 2071 1527 2112; x_wconf 87' lang='lat' dir='ltr'>incestum.</span> <span class='ocrx_word' id='word_1_191' title='bbox 1594 2071 1723 2113; x_wconf 91' lang='lat' dir='ltr'>Unde</span> <span class='ocrx_word' id='word_1_192' title='bbox 1762 2071 1936 2122; x_wconf 80' lang='lat' dir='ltr'>Tereus,</span> <span class='ocrx_word' id='word_1_193' title='bbox 1978 2078 2191 2127; x_wconf 90' lang='lat' dir='ltr'>comperto</span> 
     </span>
    </p>
   </div>
   <div class='ocr_carea' id='block_1_10' title="bbox 358 2143 2193 2273">
    <p class='ocr_par' dir='ltr' id='par_1_15' title="bbox 358 2143 2193 2273">
     <span class='ocr_line' id='line_1_26' title="bbox 358 2143 2193 2200; baseline 0.002 -16"><span class='ocrx_word' id='word_1_194' title='bbox 358 2143 558 2194; x_wconf 86' lang='lat' dir='ltr'>facinore,</span> <span class='ocrx_word' id='word_1_195' title='bbox 591 2144 690 2184; x_wconf 89' lang='lat' dir='ltr'>dum</span> <span class='ocrx_word' id='word_1_196' title='bbox 722 2143 867 2184; x_wconf 86' lang='lat' dir='ltr'>ambas</span> <span class='ocrx_word' id='word_1_197' title='bbox 898 2143 1143 2197; x_wconf 84' lang='lat' dir='ltr'>insequitur,</span> <span class='ocrx_word' id='word_1_198' title='bbox 1176 2144 1266 2199; x_wconf 84' lang='lat' dir='ltr'>ipse</span> <span class='ocrx_word' id='word_1_199' title='bbox 1297 2144 1341 2184; x_wconf 91' lang='lat' dir='ltr'>in</span> <span class='ocrx_word' id='word_1_200' title='bbox 1372 2159 1559 2200; x_wconf 87' lang='lat' dir='ltr'>upupam</span> <span class='ocrx_word' id='word_1_201' title='bbox 1591 2145 1745 2187; x_wconf 87' lang='lat' dir='ltr'>dicitur</span> <span class='ocrx_word' id='word_1_202' title='bbox 1775 2152 1969 2196; x_wconf 87' lang='lat' dir='ltr'>mutatus,</span> <span class='ocrx_word' id='word_1_203' title='bbox 2000 2146 2097 2187; x_wconf 88' lang='lat' dir='ltr'>illac</span> <span class='ocrx_word' id='word_1_204' title='bbox 2127 2146 2193 2188; x_wconf 89' lang='lat' dir='ltr'>fu-</span> 
     </span>
     <span class='ocr_line' id='line_1_27' title="bbox 360 2216 1234 2273; baseline 0 -15"><span class='ocrx_word' id='word_1_205' title='bbox 360 2217 523 2273; x_wconf 88' lang='lat' dir='ltr'>gientes</span> <span class='ocrx_word' id='word_1_206' title='bbox 554 2217 597 2257; x_wconf 91' lang='lat' dir='ltr'>in</span> <span class='ocrx_word' id='word_1_207' title='bbox 628 2216 897 2258; x_wconf 89' lang='lat' dir='ltr'>hirundinem</span> <span class='ocrx_word' id='word_1_208' title='bbox 929 2224 969 2257; x_wconf 89' lang='lat' dir='ltr'>et</span> <span class='ocrx_word' id='word_1_209' title='bbox 999 2216 1234 2259; x_wconf 87' lang='lat' dir='ltr'>lusciniam.</span> 
     </span>
    </p>
   </div>
   <div class='ocr_carea' id='block_1_11' title="bbox 362 2396 2199 3235">
    <p class='ocr_par' dir='ltr' id='par_1_16' title="bbox 475 2396 1551 2435">
     <span class='ocr_line' id='line_1_28' title="bbox 475 2396 1551 2435; baseline 0 -10"><span class='ocrx_word' id='word_1_210' title='bbox 475 2397 509 2435; x_wconf 89' lang='grc'>2)</span> <span class='ocrx_word' id='word_1_211' title='bbox 538 2397 680 2427; x_wconf 84' lang='lat' dir='ltr'>ostendit</span> <span class='ocrx_word' id='word_1_212' title='bbox 705 2397 859 2426; x_wconf 81' lang='lat' dir='ltr'>dicendo:</span> <span class='ocrx_word' id='word_1_213' title='bbox 886 2406 946 2426; x_wconf 89' lang='lat' dir='ltr'>non</span> <span class='ocrx_word' id='word_1_214' title='bbox 973 2398 1037 2426; x_wconf 82' lang='lat' dir='ltr'>alia</span> <span class='ocrx_word' id='word_1_215' title='bbox 1063 2397 1196 2435; x_wconf 86' lang='lat' dir='ltr'>posthac</span> <span class='ocrx_word' id='word_1_216' title='bbox 1221 2396 1327 2426; x_wconf 78' lang='lat' dir='ltr'>calebo</span> <span class='ocrx_word' id='word_1_217' title='bbox 1353 2396 1494 2426; x_wconf 84' lang='lat' dir='ltr'>foemina</span> <span class='ocrx_word' id='word_1_218' title='bbox 1521 2398 1551 2425; x_wconf 89' lang='grc'>2.</span> 
     </span>
    </p>

    <p class='ocr_par' dir='ltr' id='par_1_17' title="bbox 362 2453 2196 2606">
     <span class='ocr_line' id='line_1_29' title="bbox 471 2453 2190 2492; baseline 0.001 -10"><span class='ocrx_word' id='word_1_219' title='bbox 471 2453 502 2491; x_wconf 89' lang='lat'>†)</span> <span class='ocrx_word' id='word_1_220' title='bbox 529 2453 656 2483; x_wconf 84' lang='lat' dir='ltr'>Scholia</span> <span class='ocrx_word' id='word_1_221' title='bbox 682 2455 721 2483; x_wconf 83' lang='lat' dir='ltr'>ad</span> <span class='ocrx_word' id='word_1_222' title='bbox 748 2464 777 2483; x_wconf 90' lang='lat' dir='ltr'>u.</span> <span class='ocrx_word' id='word_1_223' title='bbox 809 2454 846 2483; x_wconf 86' lang='lat'>15</span> <span class='ocrx_word' id='word_1_224' title='bbox 883 2454 1002 2483; x_wconf 62' lang='lat' dir='ltr'>Veneris</span> <span class='ocrx_word' id='word_1_225' title='bbox 1027 2453 1171 2483; x_wconf 64' lang='lat' dir='ltr'>Illarc&#39;nae</span> <span class='ocrx_word' id='word_1_226' title='bbox 1196 2462 1237 2482; x_wconf 79' lang='lat' dir='ltr'>cx</span> <span class='ocrx_word' id='word_1_227' title='bbox 1268 2453 1337 2482; x_wconf 85' lang='lat' dir='ltr'>cod.</span> <span class='ocrx_word' id='word_1_228' title='bbox 1366 2453 1543 2483; x_wconf 73' lang='lat' dir='ltr'>Thcvenot.</span> <span class='ocrx_word' id='word_1_229' title='bbox 1572 2463 1622 2491; x_wconf 87' lang='lat' dir='ltr'>ap.</span> <span class='ocrx_word' id='word_1_230' title='bbox 1656 2453 1823 2492; x_wconf 78' lang='lat' dir='ltr'>Suringar.</span> <span class='ocrx_word' id='word_1_231' title='bbox 1857 2464 1886 2492; x_wconf 92' lang='lat' dir='ltr'>p.</span> <span class='ocrx_word' id='word_1_232' title='bbox 1924 2456 1984 2485; x_wconf 81' lang='lat'>167</span> <span class='ocrx_word' id='word_1_233' title='bbox 2021 2459 2051 2484; x_wconf 83' lang='lat' dir='ltr'>et.</span> <span class='ocrx_word' id='word_1_234' title='bbox 2083 2455 2122 2484; x_wconf 85' lang='lat' dir='ltr'>ad</span> <span class='ocrx_word' id='word_1_235' title='bbox 2155 2464 2190 2484; x_wconf 88' lang='lat' dir='ltr'>v.</span> 
     </span>
     <span class='ocr_line' id='line_1_30' title="bbox 362 2510 2196 2551; baseline 0.001 -11"><span class='ocrx_word' id='word_1_236' title='bbox 362 2512 403 2540; x_wconf 79' lang='grc'>26</span> <span class='ocrx_word' id='word_1_237' title='bbox 428 2510 490 2540; x_wconf 80' lang='lat' dir='ltr'>ales</span> <span class='ocrx_word' id='word_1_238' title='bbox 508 2520 640 2551; x_wconf 68' lang='lat' dir='ltr'>peyasus</span> <span class='ocrx_word' id='word_1_239' title='bbox 666 2511 744 2540; x_wconf 78' lang='lat' dir='ltr'>ibid.</span> <span class='ocrx_word' id='word_1_240' title='bbox 772 2521 801 2549; x_wconf 87' lang='lat' dir='ltr'>p.</span> <span class='ocrx_word' id='word_1_241' title='bbox 832 2511 893 2540; x_wconf 83' lang='lat'>172</span> <span class='ocrx_word' id='word_1_242' title='bbox 920 2520 981 2539; x_wconf 80' lang='lat' dir='ltr'>non</span> <span class='ocrx_word' id='word_1_243' title='bbox 1008 2510 1158 2549; x_wconf 79' lang='lat' dir='ltr'>leguntur</span> <span class='ocrx_word' id='word_1_244' title='bbox 1184 2511 1215 2539; x_wconf 91' lang='lat' dir='ltr'>in</span> <span class='ocrx_word' id='word_1_245' title='bbox 1242 2510 1310 2539; x_wconf 82' lang='lat' dir='ltr'>cod.</span> <span class='ocrx_word' id='word_1_246' title='bbox 1336 2519 1363 2551; x_wconf 72' lang='grc' dir='ltr'>γ,</span> <span class='ocrx_word' id='word_1_247' title='bbox 1391 2510 1445 2547; x_wconf 85' lang='lat' dir='ltr'>qui</span> <span class='ocrx_word' id='word_1_248' title='bbox 1471 2510 1511 2539; x_wconf 83' lang='lat' dir='ltr'>ad</span> <span class='ocrx_word' id='word_1_249' title='bbox 1537 2511 1566 2540; x_wconf 91' lang='lat' dir='ltr'>h.</span> <span class='ocrx_word' id='word_1_250' title='bbox 1596 2520 1623 2540; x_wconf 86' lang='lat' dir='ltr'>o.</span> <span class='ocrx_word' id='word_1_251' title='bbox 1652 2513 1685 2540; x_wconf 86' lang='lat' dir='ltr'>ut</span> <span class='ocrx_word' id='word_1_252' title='bbox 1713 2512 1752 2540; x_wconf 79' lang='lat' dir='ltr'>ad</span> <span class='ocrx_word' id='word_1_253' title='bbox 1778 2514 1898 2541; x_wconf 82' lang='lat' dir='ltr'>antece.</span> <span class='ocrx_word' id='word_1_254' title='bbox 1933 2516 1964 2541; x_wconf 84' lang='lat' dir='ltr'>et</span> <span class='ocrx_word' id='word_1_255' title='bbox 1998 2521 2087 2550; x_wconf 85' lang='lat' dir='ltr'>seqq.</span> <span class='ocrx_word' id='word_1_256' title='bbox 2123 2520 2196 2550; x_wconf 91' lang='lat' dir='ltr'>pro-</span> 
     </span>
     <span class='ocr_line' id='line_1_31' title="bbox 362 2568 928 2606; baseline 0.002 -10"><span class='ocrx_word' id='word_1_257' title='bbox 362 2569 448 2606; x_wconf 79' lang='lat' dir='ltr'>prias</span> <span class='ocrx_word' id='word_1_258' title='bbox 473 2577 546 2597; x_wconf 85' lang='lat' dir='ltr'>suas</span> <span class='ocrx_word' id='word_1_259' title='bbox 573 2568 671 2597; x_wconf 84' lang='lat' dir='ltr'>habet</span> <span class='ocrx_word' id='word_1_260' title='bbox 697 2568 928 2606; x_wconf 80' lang='lat' dir='ltr'>expositiones.</span> 
     </span>
    </p>

    <p class='ocr_par' dir='ltr' id='par_1_18' title="bbox 363 2624 2198 2892">
     <span class='ocr_line' id='line_1_32' title="bbox 475 2624 2197 2664; baseline 0.001 -10"><span class='ocrx_word' id='word_1_261' title='bbox 475 2624 632 2655; x_wconf 84' lang='lat' dir='ltr'>ACRON.</span> <span class='ocrx_word' id='word_1_262' title='bbox 680 2625 773 2654; x_wconf 72' lang='lat' dir='ltr'>Veris</span> <span class='ocrx_word' id='word_1_263' title='bbox 799 2625 974 2663; x_wconf 82' lang='lat' dir='ltr'>descriptio</span> <span class='ocrx_word' id='word_1_264' title='bbox 1000 2628 1047 2655; x_wconf 86' lang='lat' dir='ltr'>est</span> <span class='ocrx_word' id='word_1_265' title='bbox 1073 2626 1114 2655; x_wconf 86' lang='lat' dir='ltr'>ud</span> <span class='ocrx_word' id='word_1_266' title='bbox 1140 2625 1304 2664; x_wconf 75' lang='lat' dir='ltr'>uirgilium</span> <span class='ocrx_word' id='word_1_267' title='bbox 1338 2625 1420 2663; x_wconf 84' lang='lat' dir='ltr'>quod</span> <span class='ocrx_word' id='word_1_268' title='bbox 1454 2629 1580 2663; x_wconf 76' lang='lat' dir='ltr'>tempus</span> <span class='ocrx_word' id='word_1_269' title='bbox 1614 2625 1645 2653; x_wconf 88' lang='lat' dir='ltr'>in</span> <span class='ocrx_word' id='word_1_270' title='bbox 1679 2625 1867 2655; x_wconf 84' lang='lat' dir='ltr'>mortalibus</span> <span class='ocrx_word' id='word_1_271' title='bbox 1901 2629 1948 2655; x_wconf 79' lang='lat' dir='ltr'>est</span> <span class='ocrx_word' id='word_1_272' title='bbox 1974 2625 2197 2664; x_wconf 81' lang='lat' dir='ltr'>gratissimum</span> 
     </span>
     <span class='ocr_line' id='line_1_33' title="bbox 363 2679 2195 2724; baseline 0.001 -14"><span class='ocrx_word' id='word_1_273' title='bbox 363 2683 547 2721; x_wconf 82' lang='lat' dir='ltr'>paranetice</span> <span class='ocrx_word' id='word_1_274' title='bbox 572 2683 745 2712; x_wconf 74' lang='lat' dir='ltr'>tctracolos</span> <span class='ocrx_word' id='word_1_275' title='bbox 770 2682 828 2724; x_wconf 68' lang='grc' dir='ltr'>Αγ,</span> <span class='ocrx_word' id='word_1_276' title='bbox 855 2686 889 2712; x_wconf 89' lang='lat' dir='ltr'>ut</span> <span class='ocrx_word' id='word_1_277' title='bbox 915 2683 941 2711; x_wconf 85' lang='lat' dir='ltr'>E</span> <span class='ocrx_word' id='word_1_278' title='bbox 970 2683 1178 2721; x_wconf 77' lang='lat' dir='ltr'>(mortalibus</span> <span class='ocrx_word' id='word_1_279' title='bbox 1203 2686 1251 2711; x_wconf 76' lang='lat' dir='ltr'>est</span> <span class='ocrx_word' id='word_1_280' title='bbox 1276 2682 1371 2720; x_wconf 81' lang='lat' dir='ltr'>crat.)</span> <span class='ocrx_word' id='word_1_281' title='bbox 1398 2682 1432 2711; x_wconf 84' lang='lat' dir='ltr'>P.</span> <span class='ocrx_word' id='word_1_282' title='bbox 1466 2682 1557 2712; x_wconf 76' lang='lat' dir='ltr'>Veris</span> <span class='ocrx_word' id='word_1_283' title='bbox 1583 2679 1748 2720; x_wconf 64' lang='lat' dir='ltr'>‘lfscriptio</span> <span class='ocrx_word' id='word_1_284' title='bbox 1775 2682 1854 2721; x_wconf 76' lang='lat' dir='ltr'>(ini.</span> <span class='ocrx_word' id='word_1_285' title='bbox 1873 2692 1952 2712; x_wconf 91' lang='lat' dir='ltr'>corr.</span> <span class='ocrx_word' id='word_1_286' title='bbox 1986 2692 2050 2712; x_wconf 89' lang='lat' dir='ltr'>non</span> <span class='ocrx_word' id='word_1_287' title='bbox 2082 2682 2195 2720; x_wconf 83' lang='lat' dir='ltr'>expu.)</span> 
     </span>
     <span class='ocr_line' id='line_1_34' title="bbox 364 2739 2198 2778; baseline -0.001 -9"><span class='ocrx_word' id='word_1_288' title='bbox 364 2741 404 2769; x_wconf 83' lang='lat' dir='ltr'>ad</span> <span class='ocrx_word' id='word_1_289' title='bbox 430 2740 593 2778; x_wconf 80' lang='lat' dir='ltr'>uirgilium</span> <span class='ocrx_word' id='word_1_290' title='bbox 617 2740 701 2778; x_wconf 82' lang='lat' dir='ltr'>quod</span> <span class='ocrx_word' id='word_1_291' title='bbox 727 2743 854 2778; x_wconf 75' lang='lat' dir='ltr'>tempus</span> <span class='ocrx_word' id='word_1_292' title='bbox 880 2740 912 2769; x_wconf 89' lang='lat' dir='ltr'>in</span> <span class='ocrx_word' id='word_1_293' title='bbox 938 2741 1127 2770; x_wconf 82' lang='lat' dir='ltr'>mortalibus</span> <span class='ocrx_word' id='word_1_294' title='bbox 1153 2741 1197 2769; x_wconf 84' lang='lat' dir='ltr'>sit</span> <span class='ocrx_word' id='word_1_295' title='bbox 1222 2740 1445 2778; x_wconf 70' lang='lat' dir='ltr'>gratissimum</span> <span class='ocrx_word' id='word_1_296' title='bbox 1470 2739 1501 2768; x_wconf 88' lang='lat' dir='ltr'>K</span> <span class='ocrx_word' id='word_1_297' title='bbox 1533 2739 1631 2777; x_wconf 82' lang='lat' dir='ltr'>(conf.</span> <span class='ocrx_word' id='word_1_298' title='bbox 1659 2739 1742 2778; x_wconf 89' lang='lat' dir='ltr'>Or.).</span> <span class='ocrx_word' id='word_1_299' title='bbox 1790 2739 1841 2768; x_wconf 72' lang='lat' dir='ltr'>Ad</span> <span class='ocrx_word' id='word_1_300' title='bbox 1866 2740 2033 2777; x_wconf 84' lang='lat' dir='ltr'>uirgilium</span> <span class='ocrx_word' id='word_1_301' title='bbox 2058 2739 2198 2777; x_wconf 84' lang='lat' dir='ltr'>loquitur</span> 
     </span>
     <span class='ocr_line' id='line_1_35' title="bbox 365 2795 2197 2838; baseline 0.001 -14"><span class='ocrx_word' id='word_1_302' title='bbox 365 2797 521 2835; x_wconf 83' lang='lat' dir='ltr'>quendam</span> <span class='ocrx_word' id='word_1_303' title='bbox 552 2797 799 2835; x_wconf 76' lang='lat' dir='ltr'>unguentarium</span> <span class='ocrx_word' id='word_1_304' title='bbox 830 2798 859 2826; x_wconf 75' lang='lat' dir='ltr'>l».</span> <span class='ocrx_word' id='word_1_305' title='bbox 921 2797 972 2825; x_wconf 74' lang='lat' dir='ltr'>Ad</span> <span class='ocrx_word' id='word_1_306' title='bbox 1005 2797 1173 2835; x_wconf 79' lang='lat' dir='ltr'>uirgilium</span> <span class='ocrx_word' id='word_1_307' title='bbox 1204 2797 1455 2835; x_wconf 72' lang='lat' dir='ltr'>unguentarium</span> <span class='ocrx_word' id='word_1_308' title='bbox 1488 2796 1559 2826; x_wconf 81' lang='lat' dir='ltr'>Par.</span> <span class='ocrx_word' id='word_1_309' title='bbox 1593 2796 1626 2825; x_wconf 78' lang='lat' dir='ltr'>C.</span> <span class='ocrx_word' id='word_1_310' title='bbox 1675 2795 1725 2824; x_wconf 76' lang='lat' dir='ltr'>Ad</span> <span class='ocrx_word' id='word_1_311' title='bbox 1758 2796 1841 2833; x_wconf 82' lang='lat' dir='ltr'>uirg.</span> <span class='ocrx_word' id='word_1_312' title='bbox 1873 2796 1991 2834; x_wconf 80' lang='lat' dir='ltr'>quend.</span> <span class='ocrx_word' id='word_1_313' title='bbox 2024 2804 2099 2833; x_wconf 83' lang='lat' dir='ltr'>ung.</span> <span class='ocrx_word' id='word_1_314' title='bbox 2132 2795 2197 2838; x_wconf 79' lang='grc' dir='ltr'>Βφ.</span> 
     </span>
     <span class='ocr_line' id='line_1_36' title="bbox 367 2853 1084 2892; baseline 0 -9"><span class='ocrx_word' id='word_1_315' title='bbox 367 2854 436 2884; x_wconf 78' lang='lat' dir='ltr'>Ode</span> <span class='ocrx_word' id='word_1_316' title='bbox 463 2853 498 2882; x_wconf 81' lang='lat' dir='ltr'>C.</span> <span class='ocrx_word' id='word_1_317' title='bbox 525 2855 565 2883; x_wconf 83' lang='lat' dir='ltr'>ad</span> <span class='ocrx_word' id='word_1_318' title='bbox 592 2854 758 2892; x_wconf 75' lang='lat' dir='ltr'>uirgilium</span> <span class='ocrx_word' id='word_1_319' title='bbox 783 2855 1021 2892; x_wconf 78' lang='lat' dir='ltr'>negociatorem</span> <span class='ocrx_word' id='word_1_320' title='bbox 1046 2854 1084 2883; x_wconf 81' lang='lat' dir='ltr'>R.</span> 
     </span>
    </p>

    <p class='ocr_par' dir='ltr' id='par_1_19' title="bbox 365 2907 2199 3235">
     <span class='ocr_line' id='line_1_37' title="bbox 479 2907 2198 2952; baseline -0.001 -13"><span class='ocrx_word' id='word_1_321' title='bbox 479 2911 514 2949; x_wconf 79' lang='lat'>9)</span> <span class='ocrx_word' id='word_1_322' title='bbox 543 2920 612 2941; x_wconf 80' lang='lat' dir='ltr'>csse</span> <span class='ocrx_word' id='word_1_323' title='bbox 638 2921 698 2940; x_wconf 89' lang='lat' dir='ltr'>om.</span> <span class='ocrx_word' id='word_1_324' title='bbox 725 2910 769 2941; x_wconf 80' lang='lat' dir='ltr'>fh.</span> <span class='ocrx_word' id='word_1_325' title='bbox 822 2913 877 2950; x_wconf 80' lang='lat'>10)</span> <span class='ocrx_word' id='word_1_326' title='bbox 903 2909 1017 2952; x_wconf 79' lang='grc' dir='ltr'>ἄνεμος</span> <span class='ocrx_word' id='word_1_327' title='bbox 1043 2910 1067 2940; x_wconf 91' lang='lat' dir='ltr'>C</span> <span class='ocrx_word' id='word_1_328' title='bbox 1096 2911 1268 2950; x_wconf 83' lang='lat' dir='ltr'>(allusione</span> <span class='ocrx_word' id='word_1_329' title='bbox 1293 2910 1440 2940; x_wconf 82' lang='lat' dir='ltr'>uocabuli</span> <span class='ocrx_word' id='word_1_330' title='bbox 1467 2910 1583 2939; x_wconf 75' lang='lat' dir='ltr'>Graeci</span> <span class='ocrx_word' id='word_1_331' title='bbox 1610 2907 1753 2948; x_wconf 67' lang='grc' dir='ltr'>ἄνεμος).</span> <span class='ocrx_word' id='word_1_332' title='bbox 1781 2910 1854 2939; x_wconf 84' lang='lat' dir='ltr'>inde</span> <span class='ocrx_word' id='word_1_333' title='bbox 1872 2909 1911 2944; x_wconf 81' lang='lat' dir='ltr'>Q.</span> <span class='ocrx_word' id='word_1_334' title='bbox 1931 2909 2054 2939; x_wconf 80' lang='lat' dir='ltr'>animos</span> <span class='ocrx_word' id='word_1_335' title='bbox 2071 2908 2109 2938; x_wconf 84' lang='lat' dir='ltr'>A.</span> <span class='ocrx_word' id='word_1_336' title='bbox 2127 2908 2198 2938; x_wconf 88' lang='lat' dir='ltr'>rell.</span> 
     </span>
     <span class='ocr_line' id='line_1_38' title="bbox 365 2964 2198 3012; baseline 0.001 -15"><span class='ocrx_word' id='word_1_337' title='bbox 365 2969 496 2997; x_wconf 76' lang='lat' dir='ltr'>animas.</span> <span class='ocrx_word' id='word_1_338' title='bbox 564 2969 619 3007; x_wconf 87' lang='grc'>12)</span> <span class='ocrx_word' id='word_1_339' title='bbox 647 2969 859 3006; x_wconf 78' lang='lat' dir='ltr'>tranquillant</span> <span class='ocrx_word' id='word_1_340' title='bbox 886 2968 1004 3006; x_wconf 66' lang='lat' dir='ltr'>AR²‚1·.</span> <span class='ocrx_word' id='word_1_341' title='bbox 1029 2969 1098 2997; x_wconf 90' lang='lat' dir='ltr'>rell.</span> <span class='ocrx_word' id='word_1_342' title='bbox 1125 2968 1335 3006; x_wconf 82' lang='lat' dir='ltr'>tranquillum</span> <span class='ocrx_word' id='word_1_343' title='bbox 1365 2967 1514 2997; x_wconf 80' lang='lat' dir='ltr'>reddunt.</span> <span class='ocrx_word' id='word_1_344' title='bbox 1548 2968 1591 3012; x_wconf 51' lang='lat' dir='ltr'>gl,</span> <span class='ocrx_word' id='word_1_345' title='bbox 1626 2977 1687 2996; x_wconf 89' lang='lat' dir='ltr'>om.</span> <span class='ocrx_word' id='word_1_346' title='bbox 1724 2965 1782 2996; x_wconf 88' lang='lat' dir='ltr'>lG.</span> <span class='ocrx_word' id='word_1_347' title='bbox 1850 2967 1905 3004; x_wconf 85' lang='lat'>13)</span> <span class='ocrx_word' id='word_1_348' title='bbox 1938 2967 2010 2996; x_wconf 81' lang='lat' dir='ltr'>vela</span> <span class='ocrx_word' id='word_1_349' title='bbox 2041 2975 2101 2996; x_wconf 88' lang='lat' dir='ltr'>om.</span> <span class='ocrx_word' id='word_1_350' title='bbox 2136 2964 2198 2998; x_wconf 87' lang='lat' dir='ltr'>1G.</span> 
     </span>
     <span class='ocr_line' id='line_1_39' title="bbox 371 3023 2198 3064; baseline -0.002 -9"><span class='ocrx_word' id='word_1_351' title='bbox 371 3024 427 3064; x_wconf 78' lang='lat'>14)</span> <span class='ocrx_word' id='word_1_352' title='bbox 454 3025 577 3063; x_wconf 83' lang='lat' dir='ltr'>hiemps</span> <span class='ocrx_word' id='word_1_353' title='bbox 605 3025 643 3053; x_wconf 75' lang='lat' dir='ltr'>A.</span> <span class='ocrx_word' id='word_1_354' title='bbox 710 3026 765 3064; x_wconf 67' lang='lat'>18)</span> <span class='ocrx_word' id='word_1_355' title='bbox 793 3026 845 3055; x_wconf 75' lang='lat' dir='ltr'>itis</span> <span class='ocrx_word' id='word_1_356' title='bbox 870 3025 909 3062; x_wconf 83' lang='lat' dir='ltr'>A,</span> <span class='ocrx_word' id='word_1_357' title='bbox 937 3027 1002 3064; x_wconf 69' lang='lat' dir='ltr'>ityn</span> <span class='ocrx_word' id='word_1_358' title='bbox 1028 3027 1060 3055; x_wconf 90' lang='lat' dir='ltr'>in</span> <span class='ocrx_word' id='word_1_359' title='bbox 1085 3025 1162 3055; x_wconf 90' lang='lat' dir='ltr'>Hor.</span> <span class='ocrx_word' id='word_1_360' title='bbox 1188 3024 1252 3054; x_wconf 86' lang='lat' dir='ltr'>fuit</span> <span class='ocrx_word' id='word_1_361' title='bbox 1277 3035 1338 3054; x_wconf 87' lang='lat' dir='ltr'>om.</span> <span class='ocrx_word' id='word_1_362' title='bbox 1366 3024 1507 3061; x_wconf 63' lang='lat' dir='ltr'>Alt21‚1·.</span> <span class='ocrx_word' id='word_1_363' title='bbox 1536 3041 1575 3044; x_wconf 46' lang='grc' dir='ltr'>ψ-</span> <span class='ocrx_word' id='word_1_364' title='bbox 1602 3024 1640 3053; x_wconf 88' lang='lat' dir='ltr'>ob</span> <span class='ocrx_word' id='word_1_365' title='bbox 1665 3023 1791 3062; x_wconf 87' lang='lat' dir='ltr'>culpam</span> <span class='ocrx_word' id='word_1_366' title='bbox 1818 3023 1991 3060; x_wconf 80' lang='lat' dir='ltr'>AR21,1·m.</span> <span class='ocrx_word' id='word_1_367' title='bbox 2017 3023 2142 3061; x_wconf 82' lang='lat' dir='ltr'>culpam</span> <span class='ocrx_word' id='word_1_368' title='bbox 2167 3031 2198 3052; x_wconf 89' lang='lat' dir='ltr'>v.</span> 
     </span>
     <span class='ocr_line' id='line_1_40' title="bbox 366 3079 2198 3123; baseline -0.003 -10"><span class='ocrx_word' id='word_1_369' title='bbox 366 3083 436 3113; x_wconf 89' lang='lat' dir='ltr'>rell.</span> <span class='ocrx_word' id='word_1_370' title='bbox 463 3082 566 3120; x_wconf 82' lang='lat' dir='ltr'>culpa.</span> <span class='ocrx_word' id='word_1_371' title='bbox 592 3081 698 3121; x_wconf 50' lang='lat' dir='ltr'>infelix</span> <span class='ocrx_word' id='word_1_372' title='bbox 722 3082 798 3112; x_wconf 77' lang='lat' dir='ltr'>(mis.</span> <span class='ocrx_word' id='word_1_373' title='bbox 828 3083 847 3112; x_wconf 94' lang='lat' dir='ltr'>i.</span> <span class='ocrx_word' id='word_1_374' title='bbox 876 3092 992 3120; x_wconf 84' lang='lat' dir='ltr'>procnc</span> <span class='ocrx_word' id='word_1_375' title='bbox 1018 3092 1098 3121; x_wconf 88' lang='lat' dir='ltr'>quac</span> <span class='ocrx_word' id='word_1_376' title='bbox 1124 3083 1157 3112; x_wconf 87' lang='lat' dir='ltr'>in</span> <span class='ocrx_word' id='word_1_377' title='bbox 1183 3091 1252 3112; x_wconf 84' lang='lat' dir='ltr'>eam</span> <span class='ocrx_word' id='word_1_378' title='bbox 1277 3091 1367 3111; x_wconf 81' lang='lat' dir='ltr'>auem</span> <span class='ocrx_word' id='word_1_379' title='bbox 1394 3090 1545 3111; x_wconf 70' lang='lat' dir='ltr'>conuersa</span> <span class='ocrx_word' id='word_1_380' title='bbox 1570 3080 1640 3110; x_wconf 81' lang='lat' dir='ltr'>fuit.</span> <span class='ocrx_word' id='word_1_381' title='bbox 1658 3081 1728 3119; x_wconf 83' lang='lat' dir='ltr'>Itys</span> <span class='ocrx_word' id='word_1_382' title='bbox 1746 3081 1792 3109; x_wconf 86' lang='lat' dir='ltr'>fit.</span> <span class='ocrx_word' id='word_1_383' title='bbox 1820 3081 1848 3108; x_wconf 90' lang='grc'>2.</span> <span class='ocrx_word' id='word_1_384' title='bbox 1875 3079 1965 3109; x_wconf 83' lang='lat' dir='ltr'>Idem</span> <span class='ocrx_word' id='word_1_385' title='bbox 1990 3079 2123 3123; x_wconf 10' lang='lat' dir='ltr'>orclobin</span> <span class='ocrx_word' id='word_1_386' title='bbox 2139 3079 2198 3108; x_wconf 80' lang='lat' dir='ltr'>Rl.</span> 
     </span>
     <span class='ocr_line' id='line_1_41' title="bbox 370 3136 2199 3179; baseline -0.003 -9"><span class='ocrx_word' id='word_1_387' title='bbox 370 3138 429 3177; x_wconf 91' lang='grc'>21)</span> <span class='ocrx_word' id='word_1_388' title='bbox 454 3139 531 3170; x_wconf 82' lang='lat' dir='ltr'>Ath.</span> <span class='ocrx_word' id='word_1_389' title='bbox 558 3139 630 3169; x_wconf 79' lang='lat' dir='ltr'>fuit.</span> <span class='ocrx_word' id='word_1_390' title='bbox 658 3139 776 3176; x_wconf 56' lang='lat' dir='ltr'>Alzzr.</span> <span class='ocrx_word' id='word_1_391' title='bbox 804 3140 873 3169; x_wconf 86' lang='lat' dir='ltr'>rell.</span> <span class='ocrx_word' id='word_1_392' title='bbox 900 3140 944 3169; x_wconf 83' lang='lat' dir='ltr'>fu.</span> <span class='ocrx_word' id='word_1_393' title='bbox 972 3139 1048 3169; x_wconf 88' lang='lat' dir='ltr'>Ath.</span> <span class='ocrx_word' id='word_1_394' title='bbox 1114 3140 1171 3179; x_wconf 89' lang='grc'>22)</span> <span class='ocrx_word' id='word_1_395' title='bbox 1199 3142 1228 3169; x_wconf 90' lang='lat' dir='ltr'>et</span> <span class='ocrx_word' id='word_1_396' title='bbox 1253 3148 1385 3177; x_wconf 76' lang='lat' dir='ltr'>prognes</span> <span class='ocrx_word' id='word_1_397' title='bbox 1420 3137 1516 3175; x_wconf 50' lang='lat' dir='ltr'>Alma</span> <span class='ocrx_word' id='word_1_398' title='bbox 1544 3138 1680 3175; x_wconf 76' lang='lat' dir='ltr'>Prognes</span> <span class='ocrx_word' id='word_1_399' title='bbox 1705 3140 1736 3165; x_wconf 86' lang='lat' dir='ltr'>ct</span> <span class='ocrx_word' id='word_1_400' title='bbox 1778 3137 1953 3175; x_wconf 85' lang='lat' dir='ltr'>philomela</span> <span class='ocrx_word' id='word_1_401' title='bbox 1987 3136 2015 3165; x_wconf 90' lang='grc'>2.</span> <span class='ocrx_word' id='word_1_402' title='bbox 2049 3153 2091 3156; x_wconf 73' lang='lat'>--</span> <span class='ocrx_word' id='word_1_403' title='bbox 2128 3144 2199 3165; x_wconf 81' lang='lat' dir='ltr'>uero</span> 
     </span>
     <span class='ocr_line' id='line_1_42' title="bbox 370 3193 2198 3235; baseline -0.003 -8"><span class='ocrx_word' id='word_1_404' title='bbox 370 3207 454 3227; x_wconf 89' lang='lat' dir='ltr'>omn.</span> <span class='ocrx_word' id='word_1_405' title='bbox 480 3196 564 3233; x_wconf 78' lang='lat' dir='ltr'>libri,</span> <span class='ocrx_word' id='word_1_406' title='bbox 593 3195 620 3231; x_wconf 80' lang='lat' dir='ltr'>Q.</span> <span class='ocrx_word' id='word_1_407' title='bbox 645 3197 742 3225; x_wconf 66' lang='lat' dir='ltr'>tacito</span> <span class='ocrx_word' id='word_1_408' title='bbox 769 3206 845 3226; x_wconf 86' lang='lat' dir='ltr'>corr.</span> <span class='ocrx_word' id='word_1_409' title='bbox 871 3200 977 3226; x_wconf 68' lang='lat' dir='ltr'>(nectem.</span> <span class='ocrx_word' id='word_1_410' title='bbox 1029 3197 1084 3235; x_wconf 75' lang='lat'>24)</span> <span class='ocrx_word' id='word_1_411' title='bbox 1111 3197 1198 3233; x_wconf 85' lang='lat' dir='ltr'>peior</span> <span class='ocrx_word' id='word_1_412' title='bbox 1223 3205 1325 3233; x_wconf 83' lang='lat' dir='ltr'>paena</span> <span class='ocrx_word' id='word_1_413' title='bbox 1343 3195 1378 3224; x_wconf 79' lang='lat' dir='ltr'>R.</span> <span class='ocrx_word' id='word_1_414' title='bbox 1404 3205 1433 3233; x_wconf 84' lang='lat' dir='ltr'>p.</span> <span class='ocrx_word' id='word_1_415' title='bbox 1461 3204 1539 3232; x_wconf 79' lang='lat' dir='ltr'>pena</span> <span class='ocrx_word' id='word_1_416' title='bbox 1565 3193 1625 3223; x_wconf 64' lang='lat' dir='ltr'>As.</span> <span class='ocrx_word' id='word_1_417' title='bbox 1655 3203 1683 3231; x_wconf 89' lang='lat' dir='ltr'>p.</span> <span class='ocrx_word' id='word_1_418' title='bbox 1711 3202 1810 3231; x_wconf 84' lang='lat' dir='ltr'>poena</span> <span class='ocrx_word' id='word_1_419' title='bbox 1837 3203 1860 3222; x_wconf 87' lang='lat' dir='ltr'>r.</span> <span class='ocrx_word' id='word_1_420' title='bbox 1878 3193 1947 3223; x_wconf 85' lang='lat' dir='ltr'>rell.</span> <span class='ocrx_word' id='word_1_421' title='bbox 1975 3202 2076 3231; x_wconf 87' lang='lat' dir='ltr'>poena</span> <span class='ocrx_word' id='word_1_422' title='bbox 2100 3193 2198 3232; x_wconf 87' lang='lat' dir='ltr'>peior.</span> 
     </span>
    </p>
   </div>
  </div>
 </body>
</html>
