2170 3460
810 174 859 205 IN
889 173 1026 207 CARM.
1060 175 1090 212 Ι,
1118 178 1146 206 1.
1513 199 1516 203 .
1868 166 1891 204 5

181 298 312 338 teretis
340 297 496 351 plaqas.
550 294 663 352 [Non
695 295 844 350 plagas
875 302 1024 336 teretes
1056 295 1148 352 sed]
1183 295 1234 336 de
1265 296 1384 336 tereti
1415 297 1473 336 ait
1494 298 1591 337 fune
1616 298 1766 347 factas3
1800 298 1893 338 ideo

68 369 179 410 enim
218 369 276 409 ita
315 369 467 424 posuit,
506 368 604 423 quia
642 368 702 409 illi
732 368 813 410 filis
844 368 1044 410 debemus
1076 368 1350 410 substantiam
1394 369 1737 426 (substamina‘r),
1783 371 1894 411 unde

68 441 268 484 sumimus
300 442 478 497 (suimus
487 443 537 497 Ρ)

181 517 246 557 28.
278 516 446 558 Marsus
477 530 587 571 aper.
649 515 857 565 Sabellus,
890 515 1052 569 specics
1077 530 1154 570 pro
1177 529 1345 570 genere,
1377 516 1488 556 unde
1511 522 1548 556 et
1579 517 1689 571 Vei-y.
1715 515 1790 570 (G.
1813 516 1893 566 ΙΙΙ,

68 589 190 643 255):
234 590 442 645 dentesque
473 589 698 630 Sabellicus
737 590 900 630 maeuii
937 603 1027 635 sus,·
1072 588 1252 629 maiores
1289 588 1401 629 enim
1431 589 1567 630 forma
1598 596 1637 630 et
1668 589 1892 631 ferociores

68 676 156 703 esse
188 661 394 703 dicuntur.
454 660 531 701 Ait
561 676 663 717 ergo
694 661 929 711 uenatione,
962 676 1005 702 se
1035 661 1196 703 musica
1227 661 1439 703 delectari.

181 736 245 776 29.
278 736 343 778 Me
381 735 592 777 doctarum
630 736 771 776 ederae
803 737 991 790 praemia
1029 736 1240 789 frontium.
1315 734 1542 776 Poetarum
1574 735 1745 785 scilicet,
1798 735 1896 790 quia

68 815 215 863 poetae
246 814 407 849 tantum
435 807 561 849 edera
583 815 883 850 consueverant
905 808 1111 858 coronari,
1143 814 1188 848 ut
1220 810 1326 863 Verq.
1359 808 1428 863 (B.
1451 808 1551 858 VII,
1575 809 1669 863 25):
1696 817 1894 865 pastores,

69 882 190 923 edera
222 890 460 924 crescentem
491 890 630 923 ornate
654 889 828 938 poetam.
874 881 1083 922 Diuinum
1114 895 1216 937 ergo
1238 881 1439 923 honorem
1462 896 1505 923 se
1526 881 1627 923 dicit
1649 896 1726 937 per
1747 896 1897 937 poema

69 954 279 1009 adeptum.

180 1029 246 1069 30.
276 1028 453 1082 yelidum
482 1043 632 1069 nemus.
683 1027 910 1068 Materiam
940 1028 1076 1082 ipsam
1109 1027 1308 1070 carminis
1339 1042 1416 1083 pro
1446 1027 1570 1069 laude
1592 1028 1743 1083 posuit.
1792 1028 1896 1085 [Ne-

69 1115 160 1142 mus
191 1108 329 1142 autem
359 1100 540 1143 Parnasi
570 1100 723 1142 montis
759 1100 943 1141 dicatum
972 1100 1218 1157 Nymphis]

181 1174 248 1214 31.
281 1175 635 1230 Nympharumque
657 1174 762 1215 leues
786 1189 875 1215 cum
897 1174 1057 1230 Satyris
1080 1175 1202 1216 ebori.
1235 1173 1384 1215 Liberi
1406 1174 1538 1230 patris
1560 1175 1723 1216 chorus.
1757 1173 1899 1230 Satyri

70 1246 181 1287 enim
212 1253 251 1287 et
271 1245 465 1289 Bacchae
495 1247 590 1288 ideo
620 1246 746 1296 leues,
779 1246 877 1301 quia
908 1261 951 1288 se
981 1246 1024 1287 in
1046 1247 1237 1289 saltando
1264 1254 1305 1289 et
1324 1247 1507 1289 ludendo
1528 1248 1729 1290 uelociter
1750 1255 1900 1290 rotant.

181 1320 248 1361 32.
280 1328 491 1362 secernunt
522 1321 689 1377 populo.
752 1319 803 1361 Id
839 1326 914 1371 est,
960 1320 1061 1361 dant
1100 1320 1203 1361 mihi
1249 1321 1458 1373 meritum,
1505 1329 1550 1363 ut
1585 1338 1609 1363 a
1639 1322 1769 1378 uulgo
1807 1329 1847 1364 et
1876 1337 1900 1363 a

69 1392 223 1434 uilibus
254 1408 435 1449 separer.

181 1467 300 1508 tibias
323 1468 497 1523 Euterpe
529 1467 685 1508 collibet.
734 1465 803 1522 [Id
833 1472 915 1507 est:
949 1465 983 1507 si
1004 1472 1199 1521 poemata
1220 1481 1314 1507 mea
1334 1482 1417 1509 non
1440 1474 1626 1510 moratur
1647 1483 1725 1511 nec
1747 1467 1899 1510 Musae

69 1538 337 1595 impediunt]
397 1539 585 1594 Euterpe
616 1539 777 1581 invenit
806 1538 944 1589 tibias,
977 1538 1020 1579 in
1053 1538 1205 1594 quibus
1235 1554 1317 1581 uox
1350 1546 1412 1581 est
1442 1548 1482 1582 et
1512 1556 1649 1583 sonus.

182 1614 248 1654 33.
280 1613 563 1669 Polyhymnia.
636 1612 753 1668 [Vna
790 1627 840 1653 ex
876 1612 1099 1653 Musarum
1143 1627 1318 1654 numero
1364 1620 1404 1654 et
1441 1620 1502 1655 est
1538 1615 1789 1669 epenthesis,
1836 1616 1898 1672 ut]

77 1686 187 1741 Verq.
220 1685 295 1740 (A.
327 1685 451 1736 VIII,
484 1686 578 1741 27):
613 1687 795 1727 Alituum
818 1686 1098 1742 pecudumque
1128 1700 1254 1740 qenus
1287 1688 1417 1743 Sopor
1449 1689 1557 1730 altus
1588 1689 1767 1732 babebat.

183 1760 249 1800 34.
282 1760 487 1801 Lesboum.
547 1758 712 1800 Lesbos
744 1759 893 1808 insula,
927 1774 1029 1815 ergo
1060 1774 1084 1800 a
1114 1759 1206 1800 loeo
1239 1759 1340 1800 dicit
1370 1759 1587 1802 Lesboum
1618 1770 1791 1818 propter
1822 1761 1902 1803 Al-

70 1846 216 1873 caeum
247 1839 287 1873 et
309 1831 497 1887 Sappho,
531 1847 635 1887 quos
666 1832 780 1887 apud
801 1831 990 1873 Lesbum
1012 1840 1131 1874 natos
1153 1847 1242 1874 esse
1265 1840 1438 1884 constat,
1475 1834 1566 1890 [aut
1585 1835 1638 1876 ab
1661 1850 1707 1876 eo
1729 1835 1902 1886 Lesbio,

71 1905 142 1959 qui
172 1905 333 1961 primus
362 1905 441 1947 fuit
469 1904 626 1960 lyricus
657 1905 848 1960 scriptor,
882 1912 953 1946 aut
973 1920 998 1946 a
1018 1904 1254 1948 Periandro
1285 1921 1400 1963 rege,
1434 1907 1500 1949 eui
1527 1908 1710 1963 primum
1731 1909 1903 1951 Mercu-

58 1978 157 2020 rius
186 1978 320 2034 lyram
350 1978 564 2035 ostendit]

183 2053 378 2094 barbiton.
437 2051 557 2107 Lyra
583 2051 717 2094 maior
747 2051 898 2108 organi
935 2065 1036 2093 sono
1068 2052 1229 2094 similis.
1292 2053 1400 2109 [Alii
1426 2054 1571 2096 dicunt
1590 2054 1782 2097 latiorem
1804 2071 1903 2111 par-

72 2131 156 2166 tem
190 2125 340 2181 lyrae].

120 2257 151 2295 1)
177 2257 247 2286 Non
272 2257 357 2295 plag.
383 2261 499 2287 teretes
517 2257 594 2294 Adr,
622 2268 684 2288 non
709 2262 768 2288 ter.
796 2258 881 2296 plag.
908 2257 990 2294 rell„
1016 2258 1051 2287 cle
1077 2258 1172 2287 tereti
1196 2258 1365 2295 ANRmv,
1401 2269 1437 2288 ea·
1461 2261 1555 2290 tereti
1581 2261 1628 2298 dr,
1661 2261 1697 2290 (Ze
1723 2264 1754 2290 et
1780 2270 1816 2290 ea:
1841 2270 1902 2291 om.

72 2312 156 2350 eafh,
183 2316 298 2342 teretes
316 2314 354 2342 de
371 2317 472 2343 terete
495 2314 569 2343 fune
588 2314 689 2344 factas
705 2314 746 2351 C3
774 2315 818 2343 ait¹
844 2314 884 2344 A.
935 2316 969 2353 ⁶2)
996 2314 1060 2343 illis
1076 2314 1138 2343 Ad.
1156 2314 1272 2344 Verbis
1289 2315 1365 2344 enim
1389 2316 1431 2345 ita
1456 2317 1487 2345 in
1511 2317 1541 2346 A
1567 2318 1680 2346 lacuna
1704 2319 1816 2348 relicta
1843 2323 1902 2348 est.

72 2368 256 2406 Suspectam
281 2379 390 2399 uocem
414 2370 607 2400 substantiam
633 2380 741 2400 omnes
767 2372 856 2400 codd.
883 2375 915 2400 et
932 2371 1003 2400 edd.
1029 2374 1169 2401 tuentur.
1218 2372 1333 2401 Totum
1360 2373 1455 2403 schol.
1487 2374 1634 2403 insanum
1668 2379 1699 2404 et
1732 2376 1905 2404 contortius

72 2425 190 2454 dietum
215 2426 372 2464 displicet.
422 2425 457 2466 5)
484 2426 565 2456 Cum
590 2427 619 2455 A
644 2428 747 2457 verbis
773 2427 816 2456 αἱι
841 2445 880 2448 -
907 2427 1051 2456 delectari
1080 2427 1211 2457 inferius
1236 2429 1352 2465 positis
1378 2430 1409 2459 in
1434 2430 1565 2459 rmvafh
1598 2434 1629 2460 et
1661 2431 1755 2468 plane
1780 2432 1905 2460 omissis

80 2489 98 2509 a
122 2480 146 2509 C
172 2481 254 2511 hauc
285 2483 392 2512 sedem
418 2483 500 2512 dedi.
564 2484 618 2521 11)
646 2484 756 2512 Nemus
776 2501 815 2504 —
833 2483 980 2522 Nymphis
1004 2493 1064 2513 om.
1091 2484 1132 2512 A.
1186 2484 1240 2522 13)
1268 2484 1375 2514 Liberi
1401 2489 1465 2523 pat.
1491 2487 1605 2515 chorus
1632 2487 1671 2516 A.
1698 2496 1730 2516 se
1754 2488 1907 2516 uelociter

72 2542 206 2566 moueant
230 2547 253 2566 r.
279 2543 381 2568 rotent
404 2539 483 2578 Rye.
536 2541 589 2577 16)
617 2543 649 2568 et
674 2549 692 2568 a
717 2540 833 2569 uilibus
858 2539 974 2576 NS,m,
1002 2549 1062 2569 om.
1092 2540 1199 2569 vcafh.
1233 2545 1264 2570 et
1296 2542 1412 2570 uilibus
1442 2541 1480 2571 A.
1515 2551 1533 2571 a
1563 2543 1661 2580 uulgo
1692 2547 1840 2580 separant
1873 2547 1905 2572 et

73 2593 236 2623 uilioribus
264 2593 300 2632 O,
326 2604 345 2624 a
361 2595 457 2633 uulgo
485 2599 514 2625 et
540 2596 684 2633 quolibet
702 2596 766 2624 RK.
819 2597 873 2635 17)
900 2595 937 2624 Id
955 2600 1003 2625 est
1021 2613 1062 2616 -κ
1081 2596 1259 2633 impediunt
1277 2606 1336 2626 om.
1354 2597 1501 2641 AbCBnp.
1528 2598 1603 2627 Ree.
1630 2599 1718 2628 codd.
1746 2602 1776 2628 et
1800 2609 1833 2628 r:
1868 2599 1905 2628 Id

73 2667 115 2670 —-
140 2651 315 2681 moriantur
347 2669 388 2672 -—
417 2652 609 2689 impediant,
642 2662 752 2690 poema
784 2662 889 2682 meum
920 2663 983 2692 non
1015 2656 1161 2682 moratur
1193 2652 1276 2682 eafh.
1328 2654 1383 2693 18)
1410 2655 1485 2684 Eut.
1517 2672 1558 2675 >fi
1591 2664 1685 2683 sonus
1710 2654 1904 2692 ANO,r1nx‘‚

74 2716 134 2735 om.
160 2707 178 2736 b
192 2708 242 2743 12,
263 2707 372 2737 Ccafh.
424 2709 479 2746 19)
505 2708 552 2738 A:
582 2708 759 2738 Polluia-ut
778 2710 857 2747 uirg.
877 2701 1012 2738 alituum
1039 2710 1258 2748 pecudumque
1276 2719 1307 2748 g.
1328 2720 1352 2740 s.
1372 2721 1399 2739 a.
1418 2711 1447 2739 h.
1468 2709 1557 2749 (sic),
1587 2711 1633 2739 sicv
1658 2712 1718 2740 iste
1750 2712 1906 2749 polimnia

73 2764 233 2801 barbiton,
259 2774 319 2793 om.
345 2764 417 2794 Una
431 2783 472 2785 —
487 2766 681 2802 epenthesis.
729 2766 857 2795 Notitia
875 2767 1085 2804 epentheseos
1102 2767 1236 2795 transiit
1251 2776 1292 2796 ex
1313 2766 1459 2796 Charisio
1476 2767 1531 2803 IV,
1552 2768 1581 2803 1,
1609 2767 1671 2796 266
1690 2767 1776 2796 Keil.
1803 2769 1837 2797 in
1861 2767 1904 2802 C:

74 2819 275 2858 ‘Polym7zei'cz.
300 2821 389 2850 Haec
415 2822 513 2850 etiam
538 2831 600 2850 una
619 2826 666 2851 est
684 2822 859 2859 Musarum,
885 2823 972 2851 dicta
996 2822 1083 2860 quasi
1106 2824 1226 2852 multae
1244 2824 1429 2859 memoriae,
1455 2827 1486 2851 et
1513 2826 1563 2852 est
1588 2823 1795 2861 Epenthesis,
1822 2825 1906 2853 sieut

74 2876 106 2905 in
139 2877 195 2905 illo
225 2877 340 2914 virgil.
374 2878 590 2916 pecudumque
623 2888 723 2916 genus
755 2879 938 2918 Polymne'la
968 2880 1118 2908 eonstat.'
1152 2879 1204 2908 fh:
1243 2879 1444 2918 polyhyumz'a
1475 2882 1586 2908 cantat
1619 2878 1817 2918 (polygymnia
1847 2880 1904 2919 K).

73 2932 162 2961 Haec
187 2932 248 2962 duo
271 2934 371 2962 uerba
394 2943 458 2963 non
483 2938 557 2963 sunt
582 2934 731 2972 Vergilii,
757 2935 838 2964 conf.
865 2935 987 2964 Peerlk.
1014 2945 1065 2973 ap.
1093 2933 1221 2973 Suring.
1247 2946 1275 2973 p.
1305 2936 1355 2964 78.
1377 2936 1428 2973 79,
1461 2936 1578 2974 quippe
1604 2935 1686 2972 prof.
1714 2946 1754 2965 ex
1777 2937 1903 2974 glossa:

75 2989 284 3027 polyhymnia
309 2999 388 3027 quae
404 2990 540 3019 multum
557 2994 679 3020 cantat.
713 2991 910 3028 Epenthesis
928 3001 1003 3030 ergo
1021 2992 1061 3021 ad
1079 2992 1211 3021 formam
1229 2992 1310 3020 alias
1327 2988 1580 3034 τετρασύλλαβον
1606 2992 1788 3031 polygsmnia
1812 3002 1842 3021 u.
1862 2993 1903 3021 33

75 3049 209 3082 spectat.
235 3046 426 3085 Polymne'ia
448 3056 511 3077 non
537 3051 586 3076 est
610 3048 712 3077 forma
736 3048 925 3084 Horatiana,
963 3052 1059 3086 atque
1088 3049 1127 3077 ab
1152 3048 1237 3076 Aldo
1262 3047 1409 3077 Manutio
1440 3048 1624 3078 introducta
1648 3052 1708 3077 est.
1767 3046 1824 3087 24)
1850 3051 1903 3077 aut

74 3119 117 3123 —
142 3104 284 3133 ostendit
308 3104 562 3143 NRey11,rmv.
595 3104 773 3143 Utrumque
803 3106 901 3135 schol.
934 3116 995 3136 om.
1022 3106 1144 3143 A2,ca.
1194 3104 1251 3142 25)
1286 3104 1362 3133 Lira
1392 3105 1494 3134 maior
1526 3104 1639 3143 organi
1686 3113 1763 3134 sono
1789 3105 1905 3134 similis

75 3157 115 3187 A.
142 3158 228 3198 Lyra
252 3159 353 3190 maior
378 3168 494 3199 organo
519 3160 633 3190 similis
657 3170 733 3191 sono
759 3161 809 3190 dN
820 3161 864 3190 IX
890 3160 998 3199 (simul
1018 3161 1123 3199 sono),
1151 3170 1229 3190 rmv.
1256 3160 1467 3200 Alii—Lyrae
1494 3159 1661 3200 (Ndmnv)
1688 3170 1748 3191 om.
1773 3161 1813 3191 A.

1924 964 1964 994 10

1928 1331 1963 1361 1,»

1949 1343 1966 1360 .)

1930 2062 1948 2093 10

1953 2063 1970 2092 55!
