2283 3535
241 658 258 686 ΕΠ

244 1024 284 1054 ll)

250 1393 288 1424 l5

303 220 385 260 354
940 225 1046 258 Aen.
1073 226 1134 256 ET
1159 224 1326 257 PORPH.
1353 223 1500 258 COMM.

417 354 483 394 40.
516 352 694 407 abigunt.
756 348 981 400 Cohibent,
1013 348 1234 404 repellunt.

420 426 568 468 callidi.
600 426 729 474 Docti,
778 426 952 466 scientes.
1034 420 1326 478 Cupiditatum
1357 428 1397 462 et
1432 421 1632 463 uitiorum
1669 421 1891 477 distinguit
1927 421 2113 477 origines
2124 437 2135 470 3

305 501 489 557 primum
521 500 632 540 enim
663 499 778 549 dicit,
810 499 923 553 quod
953 504 1153 552 negatum
1183 495 1431 538 mortalibus
1462 495 1712 537 elementum
1743 495 1928 550 nauigiis
1958 501 2137 549 tempta-

306 583 393 615 tum
425 581 498 624 est,
530 573 628 614 inde
661 573 714 613 ad
744 571 904 613 maiora
936 578 1186 626 perrectum.
1246 569 1374 610 Unde
1408 568 1485 625 [et]
1525 570 1636 624 Verq.
1670 568 1739 624 (Β.
1761 567 1839 618 IV,
1871 570 1964 623 31):
2001 569 2139 609 Pauca

310 657 442 690 {anien
473 648 667 689 suberunt
690 648 852 703 priseae
883 646 1048 699 uestrffla
1076 644 1255 698 frandrie,
1293 643 1405 693 (heae
1437 650 1625 699 temptare
1659 644 1695 683 T
1693 642 1812 684 helim
1842 643 2009 691 ratibus,
2042 656 2141 697 quae

311 725 465 777 cinqere
494 723 621 762 muris
657 720 827 776 Oppida,
862 717 982 775 [quae
1012 718 1171 759 iubeam
1204 717 1336 758 telluri
1365 717 1530 773 insidere
1560 716 1723 773 sulcos]

423 797 490 836 42.
522 808 715 848 maqnum
743 808 782 847 p.
813 807 920 848 ocpr.
951 792 976 832 i.
1008 805 1042 846 q.
1077 799 1111 832 el
1140 792 1169 845 Γ.
1202 806 1220 832 e
1244 806 1286 846 p.
1360 789 1455 832 Hoc
1487 798 1560 840 est,
1607 805 1658 831 ex
1699 804 1780 844 quo
1817 789 1954 844 coepit
1986 787 2141 843 probro

311 883 399 911 esse
431 867 657 923 pauperies
688 873 728 906 et
759 864 925 906 crimini
958 864 1063 914 dari,
1110 878 1186 919 per
1216 878 1338 905 omne
1369 864 1487 905 nefas
1519 864 1692 905 diuitiae
1724 863 1870 918 quaeri
1902 868 2142 918 coeperunt,

310 951 374 984 ut:
408 950 443 983 ec
472 956 585 997 quem
617 941 810 982 suasisset
841 949 989 994 egestas
1027 939 1104 980 Vile
1135 941 1258 993 nesus.
1994 928 1995 932 ¹

424 1016 490 1056 44.
524 1015 719 1070 m'rlutz'sq.
750 1028 789 1054 u.
822 1013 858 1054 d.
891 1013 1058 1053 arduae.
1119 1011 1312 1053 Fortium
1342 1011 1547 1053 factorum
1579 1011 1667 1052 siue
1698 1010 2005 1065 philosophiae,
2052 1010 2144 1065 qui-

311 1089 391 1131 bus
423 1097 513 1130 erat
544 1088 681 1129 amica
712 1094 751 1128 et
782 1093 903 1143 grata
934 1086 1170 1141 pauperies.
1233 1085 1410 1127 Arcluae.
1469 1083 1670 1140 Magnae.

425 1164 491 1204 45.
528 1162 595 1204 uel
635 1176 716 1203 nos.
794 1159 913 1201 Ordo
956 1168 1036 1200 est:
1085 1156 1131 1199 Si
1174 1158 1279 1199 bene
1317 1158 1503 1214 paenitet
1539 1157 1754 1206 scelerum,
1800 1156 2014 1197 eradenda
2051 1163 2148 1199 sunt

312 1237 519 1279 elementa
550 1235 673 1290 praui
706 1234 929 1288 cupidinis,
967 1240 1005 1274 et
1036 1232 1161 1274 nimis
1192 1238 1359 1273 tenerae
1390 1239 1550 1273 mentes
1582 1230 1870 1286 asperioribus
1891 1230 2039 1272 studiis
2060 1231 2147 1272 for-

313 1311 505 1359 mandae,
542 1310 610 1351 uel
641 1309 684 1350 in
718 1307 991 1363 Capitolium,
1024 1321 1106 1361 quo
1136 1315 1259 1347 uocat
1289 1321 1364 1348 nos
1396 1306 1554 1347 clamor
1585 1312 1624 1346 et
1654 1304 1777 1346 turba
1807 1304 2050 1354 fauentium,
2080 1304 2149 1345 uel

315 1385 359 1425 in
390 1384 630 1440 proximum
660 1397 777 1423 mare
808 1381 1021 1422 mittamus
1052 1395 1242 1436 gemmas
1272 1387 1312 1421 et
1341 1379 1504 1434 lapides
1536 1386 1575 1420 et
1597 1378 1742 1420 inutile
1763 1393 1911 1419 aurum
1930 1377 2149 1419 materiem

316 1458 468 1501 summi
500 1456 613 1498 mali.
680 1457 898 1512 Cupidinis.
960 1453 1230 1509 Cupiditatis.

429 1532 496 1572 49.
529 1531 677 1571 smnmz'
703 1545 751 1571 m.
786 1530 893 1570 mali.
968 1528 1178 1569 Summwn
1209 1528 1362 1569 malam
1392 1527 1613 1568 auaritiam
1659 1525 1778 1575 dixit,
1825 1539 1875 1567 ex
1921 1540 2004 1580 qua
2047 1520 2173 1566 uitia*

317 1605 458 1647 omnia
489 1610 778 1660 procreantur.

433 1680 496 1721 51.
536 1679 660 1719 Eracl.
694 1692 780 1733 cup.
806 1691 873 1733 pr.
906 1691 964 1717 su.
997 1676 1196 1717 elementa.
1268 1674 1386 1716 Bene
1423 1674 1643 1716 auaritiam
1684 1673 1890 1715 malorum
1929 1673 2017 1715 siue
2053 1672 2151 1714 uiti-

318 1768 437 1795 orum
468 1751 605 1807 posuit
637 1752 881 1792 elementum.

433 1828 498 1868 52.
531 1834 566 1867 et
596 1834 754 1867 tenerae
785 1840 823 1866 η.
886 1823 1058 1879 Duplex
1095 1824 1330 1865 intellectus
1361 1830 1435 1873 est,
1481 1831 1619 1863 utrum
1650 1836 1876 1877 puerorum
1907 1829 2055 1863 mentes
2087 1829 2153 1862 te-

319 1915 438 1941 neras
470 1899 580 1940 dieat
613 1914 702 1940 esse
734 1898 977 1940 formandas
1006 1898 1060 1938 ad
1091 1898 1308 1953 asperiora
1342 1897 1491 1946 studia,
1523 1897 1601 1938 hoc
1632 1904 1706 1946 est,
1738 1896 1924 1945 fortiora,
1957 1910 2011 1936 an
2042 1900 2154 1936 certe

320 1974 630 2015 luxuriosorum
662 1981 821 2014 mentes
852 1980 1016 2013 teneras
1047 1971 1245 2027 appellat,
1285 1986 1388 2025 quas
1418 1970 1520 2019 uult,
1566 1969 1741 2011 abiectis
1770 1969 1961 2010 luxuriae
1998 1969 2154 2010 instru-

321 2048 485 2097 mentis,
524 2061 625 2088 auro
657 2053 697 2086 et
728 2046 920 2101 gemmis,
953 2045 1238 2101 asperioribus
1269 2045 1417 2086 studiis
1448 2044 1680 2085 reformari.

438 2122 502 2162 55.
534 2122 733 2175 inqenuus
761 2136 800 2176 p.
860 2119 1097 2175 Ingenuum
1129 2119 1265 2160 ciuem
1294 2117 1533 2159 Romanum
1563 2117 1695 2158 uoluit
1723 2116 1928 2173 intellegi,
1961 2115 2048 2158 siue
2079 2130 2155 2158 no-

323 2194 465 2245 bilem,
498 2202 541 2235 ut
573 2194 689 2249 (Juu.
720 2193 803 2243 XI,
840 2195 960 2245 154):
995 2194 1168 2248 Inyenm'
1193 2193 1333 2234 uultus
1361 2206 1465 2248 puer
1493 2192 1732 2247 inqenm'que
1756 2192 1943 2246 pudoris.

436 2269 500 2309 56.
534 2269 670 2309 ludere
711 2268 876 2309 doctior.
936 2265 1094 2322 Culpat
1123 2266 1351 2316 Romanos,
1394 2279 1497 2320 quos
1529 2265 1682 2306 omisso
1714 2264 1903 2305 exercitii
1935 2263 2071 2307 studio
2103 2263 2157 2304 ad

325 2341 514 2384 Graecos
545 2341 708 2396 ineptos
738 2340 1056 2395 luxuriososque
1086 2340 1207 2382 ludos
1238 2339 1344 2381 filios
1374 2338 1636 2380 transtulisse
1667 2345 1977 2380 commemorat.

442 2558 475 2599 1)
500 2569 559 2589 om.
585 2559 668 2602 Αγ,1.
696 2560 865 2589 cohercent
904 2560 947 2597 gl.
973 2568 1000 2601 γ.
1024 2558 1187 2596 repellunt
1213 2558 1255 2595 gl.
1282 2558 1311 2586 b.
1337 2561 1496 2593 coercent,
1534 2558 1598 2586 coh.
1634 2566 1699 2594 rep.
1733 2556 1769 2586 C.
1832 2557 1866 2596 2)
1893 2556 2055 2586 Lacunam
2087 2559 2160 2594 post

325 2617 430 2647 callidi
453 2627 470 2647 a
497 2617 524 2652 Q
551 2618 712 2655 signatam
737 2616 812 2658 AyC
850 2616 991 2653 explerit
1026 2624 1081 2653 per
1113 2615 1191 2644 docti
1213 2614 1347 2644 scientes.
1372 2616 1442 2644 rell.
1470 2625 1531 2644 om.
1559 2615 1595 2644 P..
1622 2615 1739 2652 repetit
1768 2612 1884 2644 Callida
1926 2632 1969 2634 —
2009 2613 2161 2651 originem

327 2676 356 2703 2.
393 2674 570 2711 distingunt
593 2673 659 2702 AR.
724 2673 760 2712 4)
785 2672 818 2701 id
841 2677 881 2701 est
907 2672 1048 2709 R2,rmv.
1076 2672 1143 2700 rell.
1171 2672 1254 2700 inde.
1283 2681 1363 2709 porr.
1390 2672 1422 2702 11,
1468 2689 1504 2691 ψ
1548 2671 1623 2700 inde
1648 2681 1671 2700 r.
1702 2676 1734 2701 et
1759 2681 1817 2700 om.
1844 2670 1929 2712 Αγ,1·.
1991 2671 2024 2709 5)
2051 2669 2162 2699 thetim

327 2731 366 2759 Α.
394 2731 524 2760 thetoon
550 2740 576 2773 γ.
603 2731 721 2769 tethyn
749 2739 793 2758 ea.
821 2729 888 2758 rell.
915 2728 1030 2758 Thetin
1056 2732 1111 2757 aut
1141 2732 1163 2757 t.
1198 2737 1279 2766 quae
1316 2745 1358 2747 >e
1397 2727 1503 2756 sulcos
1535 2738 1594 2757 om.
1626 2727 1710 2769 Ars.
1744 2727 1868 2757 telluris
1899 2727 1976 2756 find.
2010 2727 2095 2756 sulco
2130 2728 2158 2756 l.

329 2790 362 2825 5⁰)
391 2792 419 2815 et
446 2787 566 2829 qnod-s.
621 2787 675 2824 11)
703 2795 814 2824 magne
831 2786 888 2828 Λγ.
915 2795 1051 2823 magnae
1066 2784 1101 2815 C.
1129 2786 1197 2814 rell.
1224 2795 1283 2814 (nn.
1337 2785 1391 2813 12)
1421 2786 1508 2814 ‹mh›
1534 2786 1609 2814 mali
1636 2795 1696 2815 om.
1715 2785 1754 2814 A.
1808 2784 1859 2823 13)
1878 2784 1970 2822 praui
1983 2784 2160 2826 ermvea.

329 2849 422 2873 recte.
450 2854 565 2881 prauae
590 2844 666 2879 th.
694 2844 855 2882 cupidinis
883 2845 890 2873 i
929 2844 1121 2881 cupiditatis
1147 2852 1238 2872 mvca
1264 2842 1309 2871 1⁰11.
1335 2843 1404 2871 rell.
1431 2852 1490 2871 oin.
1518 2851 1630 2879 prauae
1655 2842 1683 2870 D
1711 2842 1833 2883 aliique
1859 2850 1920 2870 ree.
1947 2850 2035 2879 pure,
2061 2849 2162 2879 praua

328 2899 420 2933 1300.
448 2911 525 2930 corr.
552 2902 654 2938 praui.
680 2901 748 2938 alii,
774 2905 808 2930 ut
827 2900 923 2930 Bern.
944 2899 1010 2938 ΟΕ,
1048 2904 1125 2930 mut.
1154 2910 1169 2928 e
1196 2900 1227 2928 in
1253 2900 1272 2928 i.
1301 2899 1392 2936 parui
1420 2899 1448 2928 b.
1472 2898 1569 2936 111(ιηί
1593 2907 1668 2935 pure
1696 2898 1753 2940 Λγ.
1798 2902 1830 2927 ut
1858 2897 1903 2935 E;
1941 2897 2036 2927 Bern.
2061 2897 2089 2926 A
2115 2896 2161 2934 (K

330 2962 415 2987 caret
443 2960 501 2987 hot:
527 2959 646 2996 uersu).
700 2958 754 2997 14)
781 2958 831 2987 nel
859 2959 890 2986 in
916 2967 962 2996 pr.
982 2967 1042 2987 ma.
1061 2957 1130 2986 mit.
1156 2967 1216 2986 om.
1232 2956 1331 2997 Α(1112.
1386 2956 1439 2993 15)
1468 2955 1645 2984 runcheriam
1662 2955 1698 2983 Β.
1725 2955 1890 2983 materiam
1909 2953 2160 2991 Rr‘2‚n1veath‚

330 3020 364 3043 nt
383 3014 440 3043 DP
465 3019 493 3043 et
520 3024 581 3043 rec.
611 3015 700 3044 codd.
727 3015 887 3044 materiem
908 3014 1015 3055 A·sl)‚r‚
1042 3018 1078 3043 ut
1102 3013 1183 3051 111111.
1211 3016 1275 3041 net.
1304 3012 1393 3040 codd.
1446 3012 1501 3051 16)
1527 3012 1717 3049 cupiditatis
1743 3012 1786 3048 gl.
1812 3010 1868 3052 Λγ.
1894 3010 1964 3040 rell.
1991 3020 2051 3047 om,
2104 3010 2159 3049 18)

330 3076 480 3102 creantur
496 3071 551 3113 Αγ.
571 3072 638 3100 rell.
664 3081 763 3109 procr.
788 3071 896 3101 smnme'
919 3070 998 3100 mali.
1026 3080 1061 3099 ve
1086 3079 1137 3099 nos
1163 3069 1298 3099 subaudi
1326 3070 1493 3098 mittamus
1521 3069 1553 3097 in
1579 3077 1664 3097 mare
1689 3068 1870 3105 proximum
1896 3076 2037 3105 gemmas
2056 3071 2084 3096 et
2112 3076 2160 3096 ce-

330 3132 411 3158 tera.
450 3128 525 3169 ·(R,:2
564 3128 799 3167 (subanditur),
828 3139 842 3156 r
867 3126 1052 3166 (similiter)
1078 3128 1146 3157 roll.
1174 3137 1236 3157 om.
1284 3126 1447 3155 Elementa.
1474 3126 1539 3155 sch.
1566 3135 1606 3154 ex
1632 3125 1694 3154 Ab.
1721 3125 1790 3154 rell.
1816 3135 1876 3154 om.
1902 3125 1946 3163 gl.
1975 3125 2109 3155 exordia
2133 3134 2160 3165 γ.

333 3185 483 3221 exordia,
520 3185 704 3214 occasiones
731 3184 766 3214 C.
795 3185 814 3213 i.
842 3186 970 3214 initium
995 3185 1024 3214 b.
1089 3184 1147 3222 23)
1174 3183 1275 3213 vultis
1302 3183 1338 3212 lt.
1404 3183 1461 3221 24)
1487 3181 1610 3212 inform.
1637 3181 1681 3211 fh.
1707 3181 1837 3210 formari
1862 3181 1976 3219 Porph.
2027 3181 2084 3220 26)
2109 3180 2161 3210 In-

333 3243 428 3281 genui
449 3241 541 3280 paeri
565 3241 764 3281 z'ngsemmeqnc
785 3241 903 3279 puellae
920 3241 978 3270 112.
999 3241 1065 3279 ing.
1082 3241 1172 3279 pueri
1200 3242 1225 3269 l.
1252 3239 1382 3278 ingenui
1406 3238 1497 3277 pueri
1520 3249 1542 3268 r.
1570 3239 1686 3276 pudore
1711 3248 1739 3268 v.
1767 3237 1919 3275 pudendis
1943 3248 1983 3267 111.

2274 3143 2283 3348 1
