2170 3460
75 969 114 999 10

77 1337 116 1367 15

77 1707 116 1736 20

143 169 224 209 248
777 175 882 208 ACR.
908 174 968 206 ET
993 173 1159 206 PORPH.
1186 172 1335 206 coMM.

143 301 355 356 animique
385 299 489 341 nulli
521 299 764 341 diuitiarum
795 298 1024 353 adparatus
1055 296 1277 338 excludere
1308 301 1502 351 possunt,
1549 310 1624 338 cur
1658 295 1897 338 laboremus
1927 295 1972 336 in

142 374 404 429 adquirenda
434 374 508 415 re?

254 464 324 490 nec
354 448 452 490 Pler.
484 449 509 489 l.
568 446 759 487 Marmor
797 452 858 486 cst
895 442 1198 499 Synnadicum.
1269 441 1473 498 Synnada
1504 442 1616 484 enim
1647 456 1736 484 esse
1777 442 1972 484 dicuntur

142 520 241 563 urbs
271 520 500 577 Phrygiae,
533 520 648 561 iuxta
679 534 805 574 quam
836 518 915 558 hoc
944 531 1130 557 marmor
1161 515 1362 557 caeditur.

253 596 319 636 42.
351 610 423 636 uec
451 610 490 651 p.
522 610 552 634 s.
585 594 632 634 cl.
691 591 789 633 Hoc
819 597 898 632 est:
933 589 1125 644 quamuis
1156 589 1292 630 sidere
1324 589 1476 631 clarior
1506 589 1571 631 sit.
1630 587 1726 630 Non
1748 588 1859 630 enim
1882 603 1971 630 om-

143 682 239 709 nem
271 682 503 723 purpuram
536 666 672 708 siderc
704 664 926 705 clariorem
956 662 1147 718 intellegi
1177 662 1278 704 uult.

255 744 322 782 44.
356 742 540 783 Achaem.
575 755 604 780 c.
668 736 1007 779 Odoramentum
1038 743 1098 778 est
1130 736 1342 791 quoddam
1372 736 1672 792 gratissimum.
1736 734 1972 777 Achaeme-

142 815 203 855 nii
233 821 369 855 autem
402 814 559 854 Persae
591 811 788 852 dicuntur
832 810 885 852 ab
929 809 1202 852 Achaemene
1247 824 1344 866 rege
1390 809 1567 864 (Persae
1598 809 1853 865 dicuntur-P),
1901 808 1973 863 qui

143 888 355 943 quondam
387 894 517 928 totum
548 885 694 927 orbem
727 884 859 926 tenuit
891 884 1192 939 (te11ue1·unt?).

253 962 319 1003 45.
355 975 429 1003 cur
458 960 585 1002 slnuz'd.
611 976 653 1016 p.
713 958 764 999 Id
795 964 868 1008 est,
901 957 1139 1013 magnificis
1171 971 1221 998 ac
1250 956 1474 998 nobilibus.

253 1036 320 1077 46.
353 1043 386 1076 et
416 1049 522 1076 nouo
553 1034 716 1076 sublima·
744 1048 777 1074 r.
810 1047 860 1073 m.
892 1047 928 1072 α.
989 1028 1109 1072 Ordo
1141 1036 1222 1071 est:
1254 1028 1355 1070 Ritu
1385 1043 1495 1070 nouo
1526 1027 1704 1069 sublime
1726 1028 1878 1069 atrium
1900 1042 1974 1069 cur

140 1108 316 1150 moliar?
378 1108 552 1150 Suble'me
584 1113 722 1148 autem
754 1112 793 1147 et
825 1105 878 1146 ad
909 1103 1173 1146 altitudinem
1211 1104 1368 1145 referre
1400 1117 1621 1158 possumus
1652 1110 1693 1143 et
1722 1102 1776 1143 ad
1805 1102 1972 1158 magni-

141 1182 364 1224 ficentiam.

254 1257 321 1296 47.
355 1270 429 1297 cur
459 1255 568 1296 ualle
590 1268 720 1310 perm.
754 1253 846 1294 Sab.
878 1253 957 1294 dic.
997 1268 1057 1308 op.
1119 1249 1226 1301 Cur,
1267 1250 1424 1305 inquit,
1463 1250 1608 1292 relicto
1650 1248 1811 1291 Sabino
1852 1264 1970 1305 agro,

142 1328 214 1370 ubi
253 1343 385 1384 parva
422 1333 639 1369 contentus
680 1341 870 1368 securam
908 1325 1039 1366 uitam
1079 1339 1173 1380 ago,
1217 1324 1414 1379 adpetam
1453 1323 1735 1379 amplissimas
1772 1324 1971 1365 domuum

142 1401 448 1456 fundorumque
481 1400 779 1457 possessiones,
811 1413 918 1454 quae
948 1398 1052 1440 mihi
1082 1398 1200 1440 oneri
1231 1404 1271 1439 et.
1300 1397 1516 1440 molestiae
1547 1398 1668 1439 sunt?

789 1554 1106 1610 CARMEN
1148 1555 1243 1623 ΠΙ,
1287 1558 1331 1607 2.

963 1665 1151 1709 AGRON.

255 1772 497 1825 Anyustam.
558 1767 685 1810 Hanc
715 1767 824 1809 oden
856 1767 910 1808 ad
941 1767 1099 1809 amicos
1130 1766 1384 1823 generaliter
1415 1766 1559 1808 scribit
1582 1780 1850 1808 commonens
1870 1765 1972 1807 bea-

142 1844 291 1885 tiorem
322 1844 453 1885 uitam
483 1842 801 1896 facitioremque
832 1855 921 1883 esse
953 1840 1144 1896 pauperi,
1177 1841 1376 1891 suadens,
1417 1840 1476 1881 ita
1506 1840 1794 1882 adulescentes
1831 1854 1974 1882 eorum

142 1918 302 1959 institui
333 1917 500 1967 debere,
532 1923 577 1958 ut
606 1921 854 1972 paupertate
886 1920 925 1956 et
957 1914 1156 1956 exercitio
1188 1914 1243 1955 ad
1272 1913 1467 1955 militiam
1496 1914 1725 1956 firmentur.

260 2051 292 2089 1)
320 2061 428 2089 appar.
454 2068 480 2070 —
508 2050 628 2087 acquir.
654 2049 697 2077 M.
716 2049 962 2078 —laboramus
989 2049 1018 2077 2.
1068 2046 1104 2087 3)
1129 2047 1253 2086 frygius
1279 2049 1342 2085 lap.
1360 2047 1403 2077 M.
1432 2049 1635 2087 sylinaticum
1656 2047 1700 2084 M,
1729 2048 1758 2077 2.
1779 2046 1974 2076 Sinnaticum

144 2109 173 2136 2.
199 2107 396 2147 Synadicum
422 2117 449 2136 a.
476 2107 546 2136 rell.
575 2106 796 2145 synnadicmn.
825 2123 861 2127 —
891 2104 1034 2134 Sinnada
1050 2104 1092 2133 M.
1121 2104 1270 2142 Synnada
1296 2105 1364 2134 ΒΑ.
1393 2104 1543 2144 Synnadi
1565 2104 1634 2135 vfh.
1661 2104 1791 2143 Synada
1816 2113 1843 2132 a.
1870 2112 1975 2142 synna

143 2174 167 2193 r.
200 2165 347 2194 dicuntur
372 2163 503 2200 M·2,rfh.
538 2164 642 2192 dicunt
667 2162 724 2192 AR
751 2161 919 2200 (Synnada
945 2171 1014 2191 esse
1039 2161 1151 2191 dicunt
1175 2161 1277 2190 urbem
1301 2161 1488 2201 phrygiae).
1532 2161 1650 2191 dicitur
1674 2161 1750 2190 urbs
1778 2160 1816 2195 Q.
1858 2159 1976 2189 dicitur

143 2221 250 2250 ciuitas
275 2220 379 2259 (Aer.)
407 2230 434 2249 a.
476 2221 547 2249 bem
575 2219 706 2258 (fragm.
732 2219 819 2248 uocis
844 2217 955 2255 urbem,
982 2219 1143 2255 scriptura
1169 2218 1294 2248 librarii
1321 2218 1487 2257 suspensi)
1516 2217 1643 2258 frygiae
1668 2217 1712 2246 M.
1745 2216 1847 2246 urbem
1880 2217 1976 2254 plane

144 2287 203 2306 om.
229 2277 291 2306 rfh.
319 2277 465 2315 Synnada
488 2277 645 2314 pluralem
671 2276 782 2305 habco.
810 2274 895 2304 conf.
922 2275 961 2303 ad
980 2274 1052 2304 Acr.
1078 2274 1112 2303 In
1139 2276 1156 2303 2
1185 2275 1247 2304 duo
1275 2279 1349 2304 sunt
1375 2275 1513 2304 scholia:
1544 2277 1571 2304 1.
1598 2275 1805 2304 sinnaticum.
1832 2273 1976 2303 Sinnada

144 2335 227 2363 enim
259 2343 328 2363 csse
359 2335 511 2363 dicuntur
543 2333 644 2362 bealae
669 2333 833 2370 phrigiae,
866 2332 961 2360 iuxta
987 2341 1016 2369 q.
1042 2331 1073 2360 h.
1098 2341 1236 2360 marmur
1261 2332 1394 2362 ceditur.
1424 2333 1453 2361 2.
1480 2341 1563 2360 man.
1594 2332 1610 2359 2
1639 2340 1674 2359 ea
1700 2331 1820 2359 deleuit,
1849 2334 1879 2359 et
1905 2340 1974 2359 cor-

142 2391 246 2419 rexit:
274 2390 460 2427 sinadicum,
488 2390 622 2419 inferius
640 2398 758 2427 ponens
777 2389 873 2418 haec:
900 2387 1006 2417 *Sinas
1031 2388 1161 2417 Sin-adis
1187 2392 1235 2418 cst
1261 2388 1340 2418 locus
1357 2388 1532 2427 Phrygiae,
1559 2388 1613 2417 nbi
1639 2397 1776 2417 marmur
1802 2387 1974 2417 effoditur.’

145 2446 286 2476 Eeadcm
314 2447 345 2475 in
369 2446 415 2475 A:
443 2447 476 2475 in
502 2447 559 2475 alt.
588 2450 653 2475 uet.
679 2446 770 2475 cod.:
798 2444 892 2474 Sinas
912 2462 952 2465 ἡ
973 2444 1134 2474 effoditur.
1183 2454 1322 2474 marmor
1348 2445 1463 2474 colitur
1489 2455 1513 2473 ν.
1564 2444 1598 2482 5)
1632 2444 1701 2473 Hoc
1720 2462 1761 2464 —
1789 2444 1831 2473 sit
1857 2443 1973 2472 MAR?

143 2502 291 2542 (sydere)
331 2507 362 2532 ct
389 2504 457 2533 cod.
484 2503 581 2532 chr.
609 2502 765 2540 Stephani
792 2511 821 2539 p.
851 2502 923 2530 155.
949 2501 1017 2530 rell.
1044 2511 1103 2531 om.
1131 2511 1162 2530 r:
1190 2501 1252 2530 Nec
1271 2511 1485 2540 pavpurarmn
1510 2498 1524 2542 Η
1551 2501 1665 2540 sydere
1691 2501 1808 2530 clarior
1831 2500 1878 2529 sit.
1904 2500 1975 2529 Non

145 2564 204 2588 cte.
258 2561 291 2599 7)
318 2560 434 2589 achcm.
460 2560 503 2588 M.
543 2559 715 2589 Odoratzcm
738 2558 861 2594 MRQr.
888 2557 1120 2586 odoramentum
1145 2556 1266 2592 vath.
1307 2557 1386 2587 Cum
1412 2559 1568 2587 incertum
1594 2558 1637 2586 sit
1662 2557 1819 2586 odoi-attan
1843 2567 1873 2586 u.
1906 2558 1975 2586 sine

145 2617 351 2646 substantino
388 2626 443 2654 pro
478 2626 512 2646 eo
539 2617 623 2654 quod
650 2620 698 2645 est¹
724 2616 967 2645 odoramentum
992 2615 1076 2652 apud
1102 2614 1311 2644 Columellam
1338 2619 1369 2644 et
1394 2615 1553 2652 Plinium,
1579 2615 1803 2644 auctoritatem
1830 2615 1974 2643 codicum

145 2673 265 2702 inuitus
290 2674 408 2711 respui.
435 2673 769 2709 AchaemeniiM‚1-va.
797 2673 866 2701 rell.
885 2670 1087 2701 Achasmcni.
1115 2670 1143 2706 Q
1170 2672 1201 2700 in
1227 2672 1302 2701 Aer.
1328 2671 1548 2708 Acbacincnz'c‘,
1576 2673 1607 2701 in
1637 2671 1754 2709 Porph.
1779 2669 1978 2700 Achaemcni

146 2729 246 2757 dedit.
313 2730 347 2769 9)
381 2733 484 2760 totam
514 2730 622 2758 urbem
654 2729 687 2758 R.
715 2733 885 2759 tenuerunt
908 2728 978 2758 MR.
1020 2729 1135 2758 Persae
1162 2729 1324 2765 dicuntur,
1351 2730 1404 2767 qui
1431 2747 1472 2749 —
1498 2728 1697 2758 tenuerunt?
1738 2728 1905 2757 acliemene
1930 2727 1974 2755 M.

150 2784 204 2823 11)
231 2785 371 2815 Sublime
397 2786 490 2815 MRQ.
518 2787 586 2815 rell.
613 2786 841 2815 sublimitatem.
867 2786 908 2814 ad
933 2795 992 2816 om.
1021 2786 1048 2814 2.
1101 2786 1156 2823 12)
1183 2785 1374 2815 altitudinem
1404 2785 1579 2822 limma-v.
1619 2784 1847 2814 multitudinem
1873 2783 1972 2819 ath.

150 2843 203 2879 14)
232 2842 345 2879 inquid
360 2843 401 2872 M.
456 2843 509 2881 15)
538 2844 595 2872 sub
622 2852 682 2880 quo
709 2842 779 2881 (ubi
805 2842 856 2880 rv)
886 2852 947 2871 sec.
973 2843 1033 2871 uit.
1061 2852 1121 2880 ago
1147 2847 1316 2872 contentus
1341 2842 1471 2873 rvafhl’».
1498 2852 1558 2872 om.
1586 2843 1615 2871 2.
1643 2843 1696 2871 ubi
1723 2851 1772 2880 pa.
1800 2845 1885 2871 cont.
1912 2842 1973 2870 uit.

146 2907 205 2935 ago
230 2898 299 2927 Mle.
327 2900 399 2936 adp.
426 2899 469 2928 M.
508 2900 714 2937 alnpliximas
739 2899 765 2927 R
791 2899 848 2937 (m.
877 2899 930 2937 a).
956 2898 1067 2927 lzonori
1094 2899 1129 2928 R.

260 2954 415 2983 Aulum.
467 2955 513 2983 Ad
538 2956 656 2984 amicos
682 2954 719 2993 A,
746 2959 781 2984 ut
806 2955 848 2984 K.
875 2958 950 2984 ante
976 2955 1040 2983 sch.
1068 2958 1135 2983 not.
1162 2955 1268 2984 metri.
1304 2955 1357 2984 Ex
1383 2956 1442 2984 hac
1468 2956 1561 2985 inser.
1589 2958 1658 2984 orta
1683 2957 1731 2983 est
1759 2954 1855 2983 lectio
1881 2953 1976 2982 amici

148 3012 181 3039 in
208 3012 316 3048 paucis
342 3012 433 3040 codd.
461 3016 493 3040 ut
521 3011 611 3040 Bure.
639 3012 691 3049 qui
718 3012 833 3041 addit:
862 3011 890 3048 ὁ,
918 3021 979 3049 quo
1004 3011 1143 3041 uocatiu.
1172 3015 1300 3040 notatur
1326 3012 1359 3040 in
1384 3012 1528 3049 pluribus
1555 3012 1674 3048 etiam,
1715 3011 1770 3048 qui
1795 3010 1894 3039 amice
1918 3010 1974 3038 ha⁴

146 3069 234 3097 bent.
278 3069 407 3105 plurimi
439 3068 512 3097 hab.
539 3069 612 3097 adu.
638 3068 734 3098 amice
765 3078 834 3097 cum
868 3068 995 3105 glossa:
1025 3067 1248 3105 fitmz'le'ariter‚
1286 3072 1319 3096 ut
1346 3068 1397 3110 Βφ
1424 3068 1513 3097 Harl.
1543 3069 1555 3096 l
1584 3071 1643 3097 etc.
1692 3067 1741 3095 Dc
1768 3066 1974 3096 institutione

147 3125 187 3152 ad
214 3124 344 3152 amicus.
372 3125 512 3161 loquitur
537 3124 681 3165 ·(l›l⁴]1)ll.
724 3125 866 3162 loquitur
892 3135 952 3153 om.
978 3125 1040 3167 Βφ,
1085 3124 1153 3153 Ode
1180 3124 1246 3153 LX.
1275 3124 1310 3154 R.

241 3180 298 3218 21)
327 3181 415 3209 odem
441 3181 478 3210 A.
520 3181 559 3209 ad
585 3190 644 3209 am.
672 3181 944 3223 ge1n.2x·sb1=1⁴2‚1·.
980 3181 1050 3210 rell.
1077 3190 1148 3219 gen.
1175 3182 1214 3209 ad
1240 3190 1300 3210 ani.
1329 3180 1465 3218 Scripsit
1492 3189 1518 3222 γ.
1568 3180 1624 3220 22)
1637 3179 1885 3219 facilioremque
1900 3177 1976 3222 AyR
