2283 3535
323 175 403 215 524
961 185 1066 218 ΑΘΒ.
1092 186 1153 217 ET
1177 185 1343 217 PORPH.
1370 185 1517 217 ooMM.

434 310 500 349 42.
533 309 694 361 infamis
724 309 901 350 Helenae
937 309 1077 351 Castor
1107 313 1277 365 offensus
1320 310 1405 350 uice
1432 335 1483 339 -
1508 310 1674 350 lumina.
1734 307 1996 351 Stesichorus
2025 314 2151 364 poeta

322 380 579 437 (GraecusP)
619 380 826 438 [Siculus]
861 382 959 423 dum
992 382 1342 436 uituperationem
1387 382 1578 423 Helenae
1624 382 1811 432 dixisset,
1858 381 2154 437 indignatione

325 454 514 496 Castoris
545 461 585 495 et
614 454 802 497 Pollucis
832 455 974 496 oculos
1005 455 1157 504 amisit,
1190 455 1262 496 sed
1284 455 1439 510 placati
1460 462 1606 510 postea
1626 455 1786 495 lumina
1807 454 1846 495 ei
1867 454 2155 496 reddiderunt.

434 529 501 568 49.
538 528 830 584 Te'bz'hospitale
844 536 987 583 pectus
1009 536 1046 569 et
1058 543 1193 583 purae
1214 543 1369 568 manus.
1428 527 1617 569 Ironicos
1649 535 1787 568 autem
1818 527 1963 569 laudat
1992 528 2154 569 omnia:

257 611 269 617 '
321 601 513 656 hospitale
541 610 694 657 pectus,
733 615 866 657 puras
898 616 1041 642 manus
1071 609 1111 641 et
1138 601 1416 657 puerperium,
1463 615 1558 642 cum
1588 600 1791 656 pollutam
1828 615 1921 642 eam
1958 601 2152 643 humanis

321 673 541 715 sacrificiis
574 674 766 729 superius
797 673 1038 714 rettulisset.

434 748 499 788 50.
531 755 660 803 tuusq.
692 755 831 788 uenter
864 748 1130 788 Paccmnezfas.
1191 748 1465 788 Pactuttzez⁷mn
1497 746 1599 788 dicit
1620 746 1752 788 filium
1775 745 1998 797 Canidiae,
2031 761 2156 801 quem

321 819 476 860 habere
507 834 550 861 se
581 819 849 861 fecunditatis
882 819 1018 875 gratia
1049 819 1295 860 laetabatur.

416 913 448 951 1)
476 913 672 942 stesichorus
689 912 804 954 ·(,cafh.
824 913 996 942 stesicorus
1015 914 1044 941 2.
1066 914 1254 943 stersicorus
1272 921 1334 941 mv.
1352 912 1526 941 tersicorus
1544 911 1601 949 R‚r
1619 911 1733 950 (lucem
1752 912 1857 951 Ters.)
1891 912 1939 951 .2)
1959 912 2077 941 siculus
2096 921 2156 942 om.

323 969 402 1006 27rv.
453 969 488 1007 3)
512 969 632 1007 placati
652 973 764 1007 postea
782 970 904 999 lumina
920 970 1009 999 redd.
1028 969 1102 1010 R(G
1112 967 1155 1007 ?).
1174 969 1290 1007 placati
1308 972 1419 1005 postea
1436 968 1557 997 lumina
1575 967 1602 997 ei
1618 969 1706 997 redd.
1734 969 1886 1006 2,rmvca.
1915 969 1942 998 si
1968 977 2046 1006 opus
2072 970 2158 998 esset

321 1034 357 1054 ac
382 1034 438 1062 per
463 1025 554 1055 codd.
582 1029 662 1055 uett.
691 1026 812 1063 liceret,
840 1035 988 1063 ponerem
1014 1026 1062 1054 clei
1085 1026 1136 1055 uel
1160 1025 1233 1054 nati.
1260 1025 1377 1062 placati
1403 1024 1431 1052 ei
1454 1028 1567 1062 postea
1592 1024 1636 1053 (1ίὶ
1659 1025 1780 1054 lumina
1805 1025 1895 1054 redd.
1921 1024 1968 1054 fh.
1994 1033 2028 1066 γι
2054 1027 2156 1054 castor

320 1082 370 1119 off.
403 1080 490 1110 Ordo
523 1086 583 1111 est.
618 1081 734 1112 Castor
765 1083 856 1111 sidus
889 1092 1021 1111 aureum
1058 1081 1198 1111 infamus
1228 1081 1362 1110 helenae
1394 1081 1463 1110 uice
1495 1081 1516 1109 i.
1544 1081 1663 1110 iniuria
1689 1081 1828 1111 offensus
1853 1082 1962 1110 frater.
1990 1090 2071 1119 quae
2098 1081 2156 1120 (ff.

321 1137 417 1175 quae)
444 1146 552 1175 magu.
592 1148 618 1167 c.
660 1139 679 1168 i.
719 1137 797 1177 (sic)
831 1139 945 1176 pollux
976 1139 1128 1176 adempta
1165 1137 1231 1166 uati
1259 1138 1379 1166 lumina
1409 1137 1635 1167 reddiderunt.
1668 1138 1855 1167 Stesichorus
1885 1142 1916 1167 et
1948 1138 2032 1167 enim
2062 1141 2159 1176 poeta

317 1202 425 1232 yrecus
457 1193 517 1232 (1
542 1193 584 1234 C)
622 1195 897 1232 uituperationem
923 1195 1056 1224 helenae
1087 1195 1217 1232 scripsit
1250 1198 1282 1223 et
1308 1194 1417 1223 amisit
1443 1194 1561 1223 oculos.
1587 1197 1699 1231 postea
1724 1193 1851 1223 laudem
1877 1195 1965 1223 dixit
1991 1198 2022 1223 et
2049 1195 2156 1224 lumen

321 1250 459 1279 inuenit.
486 1250 577 1279 Sidus
601 1260 737 1280 aureum.
763 1255 819 1280 aut
856 1252 910 1280 hic
940 1255 988 1280 est
1013 1251 1191 1281 distinctio.
1229 1254 1284 1279 aut
1320 1251 1561 1288 perambulabis
1587 1255 1683 1280 astra.
1717 1255 1754 1280 ut
1785 1252 1829 1280 sit
1861 1251 2055 1289 efexegesis.
2089 1259 2158 1280 cas-

321 1307 400 1336 toris
426 1307 515 1336 sidus
540 1317 682 1337 aureum.
720 1308 814 1337 aliter
839 1307 871 1337 C.
898 1308 966 1351 Bop:
1005 1308 1124 1337 helenae
1148 1311 1256 1337 castor.
1282 1306 1409 1337 Profert
1436 1308 1619 1345 exemplum
1651 1308 1690 1336 de
1722 1311 1844 1336 castore
1877 1312 1909 1337 et
1941 1308 2064 1345 pulluce
2096 1307 2158 1345 (sic

322 1361 472 1402 uterque)
506 1364 560 1401 qui
587 1373 657 1392 cum
682 1364 871 1393 stesicorum
902 1368 1023 1401 poetam
1052 1364 1171 1393 lumine
1210 1364 1372 1393 oculorum
1409 1364 1595 1402 priuassent
1633 1374 1669 1393 eo
1706 1364 1789 1402 quod
1826 1363 1979 1393 infamiae
2016 1364 2158 1393 carmina

323 1421 354 1449 in
381 1420 529 1450 helenam
555 1430 695 1464 sororem
722 1431 812 1450 suam
837 1421 971 1450 fecisset
1008 1422 1126 1460 illeque
1165 1422 1350 1451 admonitus
1387 1420 1516 1450 oraculo
1553 1421 1703 1459 apollinis
1734 1421 1932 1459 palinodiam
1964 1421 1998 1449 in
2030 1420 2158 1450 laudem

321 1477 455 1506 helenae
481 1478 714 1515 composuisset
740 1483 847 1507 castor
873 1482 903 1508 et
929 1479 1044 1516 p:.llux
1068 1478 1297 1507 mesericordia
1315 1478 1393 1507 moti
1410 1479 1586 1516 pristinum
1604 1478 1713 1507 lumen
1731 1478 1953 1508 reddiderunt.
1969 1487 2003 1519 γε
2029 1476 2158 1515 offensus

321 1533 394 1563 uice.
419 1531 649 1577 υπεραλγησας.
700 1534 735 1573 4)
761 1536 901 1565 Irouicos
925 1539 1022 1565 autem
1038 1536 1129 1573 hosp.
1149 1536 1284 1572 2,mvca.
1304 1535 1487 1574 Hyronicas
1520 1545 1544 1564 r.
1571 1535 1653 1564 Iron.
1672 1535 1782 1564 laudat
1798 1535 1905 1564 omnia
1922 1538 1988 1563 ante
2013 1534 2103 1572 hosp.
2120 1533 2156 1563 R.

321 1595 418 1620 autem
435 1601 496 1621 om.
514 1590 588 1626 th.
632 1591 666 1629 5)
679 1601 871 1629 purpuream
890 1593 919 1621 2.
938 1593 1046 1621 nullus
1072 1592 1155 1621 liber
1172 1593 1245 1622 hab.
1259 1601 1452 1630 puerperam.
1503 1592 1537 1629 6)
1556 1591 1694 1629 superias
1711 1590 1756 1619 fh.
1774 1591 1842 1619 rell.
1858 1600 1918 1619 om.
1935 1590 2108 1620 rettulisset
2126 1591 2157 1622 2.

322 1648 390 1676 rell.
418 1648 507 1677 retul.
535 1646 616 1677 Cum
640 1648 699 1677 hoc
725 1648 844 1678 scholio
871 1649 941 1677 exit
960 1648 1067 1677 Acron
1094 1649 1133 1677 ad
1151 1649 1233 1677 hunc
1260 1649 1362 1686 epod„
1389 1649 1421 1677 in
1447 1648 1515 1677 cod.
1535 1648 1553 1677 2
1571 1648 1686 1677 ultimo
1713 1648 1780 1676 loco
1805 1657 1855 1685 po.
1882 1651 1932 1676 est
1957 1656 2021 1677 non
2054 1647 2157 1677 solum

322 1705 353 1734 h.
380 1705 460 1734 odae
486 1705 540 1734 sed
564 1706 665 1734 totius
692 1705 766 1734 libri
796 1706 932 1743 epodon.
974 1705 1051 1734 Tria
1083 1704 1163 1735 folia
1194 1709 1355 1742 secuntur,
1394 1705 1428 1733 in
1454 1705 1570 1743 quibus
1604 1704 1650 1732 nil
1682 1705 1837 1741 scriptum
1869 1708 1919 1733 est
1950 1707 2076 1742 praeter
2109 1704 2156 1732 in-

322 1762 530 1799 scriptionem
557 1762 704 1799 “Epod.⁷⁷
742 1761 777 1791 In
803 1767 916 1800 quarto
941 1766 974 1792 et
999 1763 1111 1800 quinto
1135 1762 1258 1791 scholia
1284 1762 1316 1790 in
1343 1760 1481 1791 Carmen
1507 1761 1650 1790 seculare
1675 1761 1842 1790 conlocata
1867 1764 1952 1790 sunt.

435 1817 566 1848 Scholia
591 1819 631 1847 ad
656 1828 686 1847 u.
714 1819 765 1848 48.
803 1819 1005 1848 Noaendiales
1030 1818 1180 1857 dissipare
1198 1818 1351 1857 palmei-es.
1377 1818 1528 1856 dissipare
1554 1822 1585 1848 et
1611 1827 1721 1847 eruere
1759 1818 1898 1847 carmine
1934 1826 1994 1856 que
2030 1817 2156 1846 nescias

322 1875 493 1913 sepulchra
518 1884 695 1914 pauperum
720 1879 752 1904 et
778 1879 849 1913 post
874 1885 989 1905 nouem
1016 1876 1084 1905 dies
1110 1876 1225 1914 quibus
1252 1880 1326 1904 sunt
1358 1876 1495 1913 sepulta.
1522 1876 1668 1904 excitare
1686 1884 1819 1913 corpora
1849 1878 2057 1904 mortuorum.
2082 1882 2155 1902 nam

322 1932 493 1961 humilium
519 1941 537 1960 a
562 1932 667 1969 magis
693 1932 824 1961 umbrae
851 1933 1059 1961 suscitantur.
1087 1933 1170 1970 apud
1196 1933 1346 1970 antiquos
1372 1942 1439 1961 mos
1465 1933 1518 1961 hic
1544 1931 1650 1961 fuerat
1677 1936 1713 1961 ut
1738 1932 1844 1961 triduo
1870 1940 1984 1968 corpus
2010 1929 2155 1960 defuncti

322 1988 440 2017 iaceret
465 1988 557 2017 domi.
584 1988 679 2017 Unde
705 1989 738 2017 in
764 1992 860 2025 poeta
887 1988 939 2026 (A.
966 1988 1019 2025 VI,
1051 1988 1147 2027 152):
1176 1988 1294 2017 sedibus
1319 1988 1423 2027 (hunc)
1456 1987 1604 2027 referente
1639 1988 1710 2017 suis.
1747 1989 1951 2026 postriduum
1987 1988 2019 2016 in
2043 1995 2156 2024 rogum

322 2045 512 2082 ponebatur.
550 2044 643 2073 Unde
667 2044 754 2073 Idem
781 2044 836 2082 (A.
862 2044 918 2081 XI,
945 2045 1040 2083 210):
1075 2046 1174 2074 Tertia
1198 2045 1249 2074 lua:
1274 2044 1388 2082 (adde:
1411 2045 1559 2085 yelz'dam)
1586 2045 1648 2075 celo
1672 2045 1842 2074 demoverat
1864 2044 2009 2074 ambram.
2056 2043 2155 2073 Idem.

321 2102 521 2139 postriduum
546 2101 629 2130 cinis
656 2101 688 2129 iu
715 2110 826 2130 urnam
859 2102 1049 2130 mittebatur
1086 2106 1117 2130 et
1153 2103 1276 2131 tumulo
1313 2102 1538 2133 mandabatur.
1578 2102 1653 2131 Ideo
1691 2103 1737 2131 ait
1771 2101 1961 2131 nonendiales
1997 2101 2155 2138 dissipare

322 2159 455 2187 cineres.
483 2162 514 2187 et
538 2158 713 2187 notandum
733 2157 875 2196 pulueres
900 2167 1032 2187 numero
1057 2158 1175 2195 plurali
1204 2159 1287 2187 sicut
1320 2159 1427 2196 sepius
1464 2158 1565 2187 multa
1600 2158 1772 2197 usurpatiue
1802 2159 1921 2196 posuit.
1954 2156 2155 2187 Nouendiales

322 2219 396 2244 ante
422 2215 506 2244 diem
531 2218 738 2244 mortuorum.
765 2214 942 2243 nouendiale
975 2215 1094 2244 dicitur
1127 2215 1319 2244 sacrificium
1353 2215 1436 2253 quod
1469 2224 1530 2245 non
1564 2215 1678 2254 (nono)
1712 2216 1764 2245 die
1801 2220 1926 2245 mortuo
1963 2215 2152 2244 celebratur.

322 2276 378 2301 aut
403 2272 518 2309 quibus
543 2280 605 2300 non
631 2271 728 2300 hodie
755 2269 854 2312 (nono
883 2271 950 2310 die)
976 2276 1050 2309 post
1074 2276 1208 2301 mortem
1243 2275 1443 2309 parentatur.
1480 2271 1670 2300 novendiales
1703 2272 1816 2301 cineres
1851 2275 1995 2302 recentes
2031 2279 2153 2302 manes.

323 2327 474 2357 Glossae:
512 2331 583 2365 post
609 2337 722 2357 nouem
756 2327 824 2356 dies
855 2327 925 2356 (lato
957 2328 1151 2365 sepulturae.
1184 2328 1343 2366 dissipare.
1376 2337 1495 2357 uexere
1534 2328 1593 2366 (1:-
1616 2329 1741 2367 Ambr.)
1766 2330 1911 2359 uocando
1935 2337 2054 2358 manes.
2081 2327 2150 2370 Βφε

326 2384 350 2414 0
374 2394 426 2414 nec
444 2384 592 2422 paternis.
634 2384 836 2413 Urbanissz'me
867 2384 960 2414 modo
987 2385 1126 2422 denegat
1154 2385 1300 2414 horatius
1338 2394 1419 2422 quae
1456 2385 1531 2414 olim
1568 2386 1601 2414 in
1637 2385 1911 2423 uituperationem
1948 2385 2077 2414 dixerat
2115 2384 2153 2412 de

321 2442 387 2470 illa.
414 2445 445 2470 et
472 2445 521 2470 est
550 2441 637 2470 ordo.
676 2451 693 2470 o
719 2450 782 2470 non
807 2441 951 2470 obseleta
988 2442 1131 2478 paternis
1169 2441 1316 2471 sordibus
1354 2450 1455 2479 neque
1494 2442 1632 2479 prudens
1669 2451 1749 2471 anus
1786 2441 1936 2480 dissipare
1959 2440 2153 2470 nouendiales

316 2497 456 2536 putueo-es·
482 2498 516 2526 in
543 2498 721 2535 sepulchris
743 2507 932 2535 pauperum.
960 2502 991 2526 et
1016 2500 1064 2527 est
1090 2507 1213 2527 sensus.
1265 2497 1292 2526 O
1319 2498 1446 2527 canidia
1486 2507 1566 2536 quae
1603 2508 1666 2528 non
1701 2508 1734 2527 es
1772 2498 1893 2527 sordidi
1930 2498 2059 2535 generis
2094 2506 2153 2526 nec

321 2563 391 2583 ossa
417 2554 556 2583 humana
585 2554 625 2583 ad
662 2554 821 2583 maleficia
857 2554 994 2591 colligis.
1031 2553 1233 2583 Nonendiales
1265 2553 1404 2591 paluel-es
1440 2558 1533 2583 uocat
1571 2555 1692 2583 cineres
1731 2555 1961 2584 combustionis
1998 2555 2051 2592 qui
2087 2563 2151 2584 non

322 2612 391 2640 odie
418 2611 517 2650 (nono
543 2611 611 2649 die)
639 2611 886 2649 sepeliebantur.
912 2611 993 2639 Nam
1031 2611 1215 2648 antiquitus
1252 2611 1369 2639 mortui
1407 2620 1462 2648 per
1490 2610 1551 2639 VII
1576 2611 1643 2640 dies
1681 2612 1712 2640 in
1750 2611 1843 2640 domo
1879 2611 2008 2649 propria
2044 2619 2151 2640 serua-

320 2668 444 2696 bantur.
471 2667 533 2707 w'ffl
558 2667 838 2697 comburebantur.
866 2665 939 2707 Ἧῗιῗ,
967 2668 1216 2706 sepeliebantur.
1243 2666 1278 2695 In
1296 2675 1397 2704 marg.
1416 2667 1556 2696 habent:
1583 2666 1896 2697 NOVENDIALES
1914 2666 2150 2696 PVLVERES.

320 2714 351 2752 ff
376 2709 439 2753 PE.
466 2724 523 2760 (z
547 2734 633 2753 num.
660 2724 802 2762 pluraL).

437 2781 469 2817 1)
496 2780 682 2810 Pactumeius
707 2785 755 2809 est
782 2781 877 2809 lectio
903 2781 1044 2810 omnium
1071 2783 1149 2809 uett.
1176 2780 1268 2809 codd.
1294 2780 1381 2816 Hor.‚
1420 2780 1539 2818 scripta
1566 2785 1619 2809 aut
1641 2785 1764 2819 pactum
1787 2780 1848 2810 eius
1873 2780 1903 2810 K
1930 2780 1977 2819 (ξ)
1994 2792 2039 2808 Ξ
2064 2781 2150 2820 eius)

320 2845 337 2876 γ
364 2836 538 2874 (suprascr.
567 2838 596 2874 r)
623 2837 724 2879 Bnpm
751 2841 820 2872 etc.‚
848 2841 902 2865 aut
924 2837 1019 2874 pach-a
1044 2837 1110 2865 eius
1136 2836 1247 2865 Ambr.
1275 2836 1365 2865 Harl.
1393 2840 1464 2873 etc.‚
1492 2842 1545 2866 aut
1565 2842 1659 2875 pacta
1683 2837 1773 2866 meins
1799 2837 1894 2866 Bern.
1913 2837 1970 2866 Au
1998 2841 2071 2874 etc.‚
2096 2841 2151 2866 aut

316 2893 501 2930 pactmneins
527 2894 584 2922 El)
613 2898 671 2923 etc.
699 2894 751 2922 Ex
778 2894 895 2930 glossis
917 2897 1025 2930 partas
1050 2893 1162 2921 uentris
1187 2893 1230 2921 tm'
1254 2893 1336 2935 (Bcp)
1357 2897 1481 2930 pat-tam
1504 2895 1646 2933 nv'nyens,
1674 2898 1748 2923 tuus
1762 2898 1882 2932 partu-³.
1911 2894 1994 2923 filius
2012 2894 2150 2931 aliisque

321 2954 392 2979 orta
416 2955 467 2979 est
492 2951 588 2979 lectio
608 2955 733 2987 partum
750 2950 811 2980 eius
837 2951 905 2979 siue
925 2950 1139 2988 prm-rumeins,
1167 2950 1260 2979 ualde
1286 2959 1356 2978 rara
1383 2951 1595 2979 i11‹·0dicibus
1616 2968 1649 2971 —
1664 2951 1836 2988 pgtumeius
1855 2950 1975 2989 P(1m.
2002 2957 2148 2988 suprapo.

320 3017 344 3043 r,
370 3016 433 3036 non
455 3007 634 3044 pannucius
662 3011 697 3036 ut
721 3007 777 3036 ref.
805 3007 982 3044 Vanam-b.)
998 3024 1049 3043 ψ,
1069 3006 1265 3044 frequentior
1290 3011 1362 3044 post
1387 3006 1504 3036 Aldum
1531 3008 1564 3036 iu
1591 3008 1663 3036 edd.
1692 3007 1766 3035 Hor.
1796 3006 1894 3045 (conf.
1920 3006 1997 3046 Fen)
2024 3010 2054 3036 et
2072 3006 2147 3036 Aer.

320 3068 355 3093 ut.
381 3074 426 3093 ca.
453 3064 640 3101 pattumcius
666 3068 795 3101 partum
822 3063 898 3092 enim
923 3063 1002 3092 dicit
1027 3063 1062 3092 R.
1091 3062 1280 3100 pattumez'us
1312 3072 1348 3092 rv
1380 3064 1414 3092 in
1440 3063 1554 3100 Por-ph.
1589 3073 1657 3101 pac.
1690 3063 1856 3092 Tumeium
1888 3063 1971 3092 dixit
2009 3073 2023 3092 r
2056 3062 2146 3101 (sic).

321 3122 529 3159 pactumeium
557 3130 618 3149 mv.
647 3121 820 3157 patumeius
846 3120 893 3149 fh.
922 3121 953 3149 in
981 3120 1054 3150 Aer.
1080 3123 1111 3148 ct
1135 3120 1252 3157 Porph.
1279 3120 1315 3148 Iu
1333 3120 1450 3157 Porph.
1476 3119 1538 3148 MR
1557 3119 1744 3158 pactumeias
1769 3120 1828 3148 bis.
1858 3120 2019 3157 Cruquius
2044 3119 2147 3149 uoluit

320 3187 349 3216 p.
378 3178 459 3207 297:
497 3177 691 3206 Pateomcnus
717 3177 737 3206 i.
765 3187 790 3205 c.
817 3177 1021 3206 conculcatus
1047 3181 1101 3205 aut
1128 3177 1365 3205 contaminatus
1399 3186 1438 3205 ex
1471 3180 1566 3214 partu
1599 3177 1656 3205 lilii
1687 3176 1746 3213 tui,
1783 3174 1988 3217 πατεόμενος.
2026 3175 2147 3205 Scribit
