2283 3535
1921 185 1940 194 -,

836 187 880 217 lx
910 187 1052 218 CARM.
1082 188 1140 218 111.
1171 192 1218 218 19.
1860 185 1933 223 323ae

231 310 266 347 6.
300 316 484 363 tempere!
512 309 682 362 iqnz'bus.
755 308 1022 363 Tepcfaciat3
1069 324 1166 350 nam
1197 311 1415 364 tepefactis
1454 313 1573 366 aquis
1613 315 1746 356 solent
1785 315 1939 357 Gracci

117 381 215 421 uina
245 387 493 435 temperare.

229 455 266 494 7.
314 452 436 510 [Ouo.
498 451 690 510 Aliquo]
739 479 791 482 -—
837 463 872 495 e!
917 463 1044 509 quola.
1120 453 1380 497 Subauditur
1424 456 1567 513 hora[;
1622 460 1810 501 ordinale
1857 477 1941 503 no—

116 540 212 568 men
235 525 328 582 est].

227 601 263 641 8.
292 600 463 656 pele'ym's
508 613 538 640 c.
582 601 635 654 fr.
709 599 932 654 Pelignum
977 599 1180 654 oppidum
1227 608 1287 642 est
1335 601 1590 644 Sabinorum
1636 604 1815 659 frigidae
1864 622 1938 648 rc—
1990 620 2006 647 Γ,

113 672 267 727 gionis.

225 746 262 786 9.
302 746 365 787 Da
415 746 551 787 Lunae
588 761 655 802 pr.
699 761 762 787 no.
840 745 1024 787 Puerum
1068 747 1314 802 pincernam
1360 748 1609 803 adloquitur.
1683 749 1780 791 Hoc
1824 766 1940 793 more

111 824 272 860 ueteres
302 819 569 860 festiuitatem
601 819 890 861 conuiuiorum
937 818 1149 860 celebrare
1195 829 1510 871 consueuerant,
1557 830 1599 862 ut
1632 822 1820 877 singulos
1851 824 1937 865 uini

112 891 282 947 cyathos
314 892 390 933 sub
421 892 679 948 singulorum
711 891 900 934 Deorum
932 900 1002 933 aut
1033 893 1346 935 carissimorum
1376 894 1592 936 hominum
1623 896 1863 939 nominibus
1894 897 1936 938 in

112 965 274 1020 poculis
305 965 416 1007 adici
448 966 650 1007 iuberent.
1969 983 2005 1013 lo

225 1040 288 1080 10.
323 1040 386 1080 Da
418 1042 545 1081 noctis
576 1040 674 1081 med.
709 1040 745 1081 (Ι.
774 1056 812 1095 1).
845 1055 935 1094 (my.
969 1041 1175 1083 Murenae.
1236 1039 1286 1080 Id
1319 1046 1392 1090 est,
1438 1040 1632 1083 bibamus
1662 1042 1706 1082 in
1736 1042 1936 1085 honorem

110 1113 273 1154 mediae
304 1113 437 1154 noctis
469 1119 509 1153 et
538 1127 671 1154 novae
702 1113 825 1154 lunae
856 1121 896 1154 et
926 1113 1076 1169 anguis
1107 1113 1325 1155 Murenae.

224 1188 288 1227 11.
322 1187 448 1227 tribus
480 1196 551 1227 aut
580 1201 734 1227 nouem.
794 1186 850 1227 Vt
883 1185 952 1241 (Β.
985 1185 1107 1236 VIII,
1141 1188 1233 1239 75):
1266 1201 1432 1229 numero
1457 1188 1565 1228 Deus
1594 1189 1748 1244 impare
1777 1190 1935 1244 yaudet.

113 1260 258 1301 Tribus
291 1258 468 1316 [autem]
501 1266 571 1300 aut
600 1274 741 1301 nouem
774 1266 843 1301 aut
875 1266 1046 1314 propter
1076 1259 1236 1310 Musas,
1278 1267 1346 1301 aut
1378 1273 1550 1315 propter
1583 1259 1790 1312 Charites,
1838 1263 1936 1316 quia

108 1332 310 1374 laetitiam
342 1333 442 1373 dare
473 1332 734 1374 dicebantur.
1968 1349 2004 1379 15

223 1408 287 1448 14.
318 1408 508 1448 altom'tus
531 1414 638 1462 petet
669 1415 790 1447 vales.
867 1405 923 1446 Vt
955 1420 1038 1448 non
1069 1406 1311 1448 inebrietur.
1396 1408 1511 1448 Vates
1546 1422 1623 1462 pro
1655 1407 1840 1462 quolibet
1872 1424 1937 1450 sa-

109 1479 274 1521 cricola.
339 1480 487 1521 Temos
519 1490 577 1521 ter
608 1480 780 1536 cyathos.
840 1478 937 1521 Hoc
968 1486 1040 1530 est,
1073 1479 1219 1521 nouies
1252 1479 1444 1536 [ternos.)

222 1554 285 1594 15.
319 1555 391 1594 (ris
419 1568 483 1609 pr.
516 1568 545 1593 s.
618 1551 696 1602 Ne,
733 1553 767 1594 si
799 1568 926 1607 supra
956 1567 1107 1594 nouem
1138 1553 1354 1595 addideris
1385 1562 1480 1603 tres,
1527 1553 1668 1596 ebrius
1698 1555 1832 1596 factus
1865 1570 1936 1596 ex-

107 1642 255 1683 surgas
286 1627 329 1667 in
359 1626 465 1676 lites,
498 1641 603 1681 quae
635 1634 729 1667 sunt
761 1624 936 1668 Gratiae
965 1626 1259 1681 Laetitiaeque
1290 1627 1537 1668 contrariae.

222 1702 285 1740 17.
316 1700 446 1742 Nude's
478 1715 538 1740 cu.
570 1700 786 1741 sororibus.
861 1699 963 1740 Ideo
1002 1697 1177 1741 Grratiae
1211 1700 1348 1741 nudae
1386 1701 1630 1756 pinguntur,
1676 1701 1805 1743 ueluti
1844 1701 1933 1743 sine
1961 1715 2002 1746 20

107 1773 216 1822 dolo,
248 1773 336 1814 sine
370 1772 528 1822 fraude,
561 1773 650 1814 sine
682 1773 823 1828 aliquo
854 1772 1073 1814 uelamine.

221 1940 254 1978 1)
283 1941 379 1970 solent
402 1940 512 1977 R1‘2,1·.
540 1940 609 1972 rell.
636 1940 784 1970 solebant.
834 1940 959 1970 Graeca
984 1940 1087 1969 uoluit
1116 1936 1214 1969 Orell.
1247 1941 1277 1968 in
1316 1941 1363 1969 ed.
1402 1941 1540 1971 Horatii.
1577 1946 1676 1980 temp.
1714 1944 1791 1972 uina
1827 1942 1934 1983 ψὲἶζῖ.

105 1997 172 2026 rell.
199 1997 265 2026 uin.
292 2001 388 2035 temp.
437 1996 520 2025 Huic
557 1996 677 2025 scholio
714 1997 864 2026 adiunxit
903 1997 930 2025 A
968 1997 1066 2024 haec:
1106 1997 1187 2024 ciam
1226 1998 1387 2027 incernam
1424 2007 1572 2037 graecum
1610 2003 1645 2028 ut
1682 1999 1746 2028 fios.
1785 1999 1934 2028 subaudit

106 2055 219 2092 ipsum.
245 2063 278 2096 γι
306 2053 414 2083 Etiam
434 2053 615 2091 pincernam
639 2062 780 2091 grecum.
830 2053 869 2082 Vt
898 2053 953 2083 flos
987 2054 1075 2082 asiae
1112 2057 1184 2082 ante
1221 2054 1338 2091 ipsum.
1377 2054 1416 2083 cf.
1456 2055 1522 2083 sch.
1562 2056 1601 2084 ad
1638 2064 1666 2084 u.
1707 2056 1735 2083 9.
1774 2055 1936 2084 Pincerna

105 2120 171 2140 uox
196 2111 325 2139 serioris
363 2110 549 2146 latinitatis,
588 2108 766 2147 (Lamprid.
805 2111 835 2138 in
864 2110 961 2139 Alex.
987 2109 1060 2139 Seu.
1088 2111 1141 2138 41.
1168 2109 1286 2139 Ascon.
1325 2112 1358 2140 in
1385 2110 1453 2140 Cic.
1480 2111 1569 2141 Verr.
1596 2111 1621 2148 1,
1657 2112 1714 2149 26)
1754 2121 1769 2140 a
1802 2111 1935 2140 Graecis

104 2167 266 2196 uocabulis
304 2167 445 2196 deriuari
483 2170 608 2204 potest,
645 2175 708 2195 nou
747 2175 821 2195 uero
859 2166 980 2196 Graeca
1018 2171 1066 2196 est
1102 2176 1157 2204 pro
1193 2164 1349 2210 οἰνοχόος.
1409 2168 1482 2197 Flos
1517 2166 1606 2196 Asiae
1642 2177 1705 2197 non
1741 2168 1779 2196 ad
1819 2166 1936 2197 Chium

104 2223 232 2253 insulam.
263 2224 314 2261 (ut
340 2223 404 2253 Cic.
431 2223 514 2252 Phil.
541 2223 597 2259 ΙΙΙ.
626 2224 660 2251 5:
700 2222 807 2252 Gallia
834 2228 882 2253 est
908 2224 964 2252 flos
990 2223 1138 2263 Italiae),
1177 2223 1233 2253 sed
1271 2224 1309 2252 ad
1347 2224 1449 2253 uinum
1475 2222 1577 2253 mnam
1614 2228 1758 2262 spectare
1794 2224 1934 2254 uidetur.

103 2279 231 2309 subaudi
253 2280 348 2318 ipsvm
372 2279 412 2308 ad
438 2289 467 2308 u.
497 2281 514 2308 9
541 2284 570 2309 et
601 2280 655 2308 1οι
689 2280 739 2308 Da
765 2279 874 2308 Lunae
901 2285 959 2310 etc.
1025 2281 1060 2319 3)
1093 2279 1199 2319 Aliquo
1224 2289 1284 2311 om.
1311 2280 1388 2322 Αγὶ),
1416 2280 1467 2309 Cr.
1494 2280 1528 2309 de
1553 2282 1661 2319 aliquo
1686 2281 1720 2310 R.
1747 2272 1936 2310 subauditur

104 2337 144 2366 A.
170 2346 194 2365 s.
220 2337 296 2366 hora
321 2345 346 2378 γ.
375 2337 490 2365 subora
515 2345 578 2366 vm.
613 2336 682 2365 rell.
708 2345 776 2373 sup.
803 2339 856 2364 aut
885 2336 1007 2374 supple.
1069 2337 1104 2375 4)
1143 2337 1210 2366 ord.
1249 2346 1299 2366 no.
1327 2342 1375 2366 est
1401 2346 1460 2366 om.
1486 2337 1541 2378 Αγ.
1580 2341 1683 2367 totum
1721 2338 1785 2366 sch.
1824 2347 1883 2367 om.
1910 2347 1935 2366 r-

105 2393 139 2430 5)
168 2393 233 2422 sch.
260 2402 319 2421 om.
345 2394 395 2434 *(2,
422 2393 474 2430 qui
501 2393 617 2422 habet:
644 2392 771 2430 Peligni
799 2398 870 2421 sunt
899 2393 1008 2430 populi
1035 2402 1132 2430 prope
1158 2402 1292 2432 marsos⁷
1318 2395 1372 2423 ubi
1400 2398 1447 2423 est
1473 2394 1586 2431 frigus.
1626 2412 1664 2414 ἡ
1721 2393 1793 2423 Sab.
1821 2397 1868 2422 est
1894 2394 1932 2421 A.

106 2449 139 2487 7)
167 2449 251 2478 Huic
276 2449 343 2478 sch.
371 2449 482 2478 datum
507 2449 604 2486 vulgo
633 2453 679 2478 est
707 2449 822 2478 lemma
841 2459 870 2477 u.
893 2451 947 2479 10:
975 2450 1025 2478 Da
1048 2449 1141 2478 noetis
1165 2450 1239 2479 med.
1290 2468 1329 2470 —
1381 2451 1440 2479 hoe
1468 2459 1549 2479 more
1561 2449 1717 2490 AYbRQr.
1747 2450 1816 2479 rell.
1829 2450 1932 2478 modo.

105 2506 139 2544 8)
166 2510 401 2535 consueuerant
427 2504 496 2543 ‘2‚C.
524 2515 553 2534 u.
580 2515 675 2544 supra
704 2507 787 2543 11‚6.
818 2506 913 2542 18,11
942 2510 971 2535 et
997 2506 1081 2535 infra
1106 2516 1135 2535 V.
1166 2508 1215 2536 15.
1254 2507 1285 2536 in
1310 2508 1394 2545 sing.
1421 2508 1451 2535 h.
1517 2507 1571 2545 10)
1610 2508 1642 2536 in
1666 2507 1780 2545 pocula
1803 2507 1849 2536 fh.
1876 2506 1936 2536 clici

103 2560 150 2590 fh.
169 2561 280 2599 apponi
296 2571 379 2591 mva.
397 2561 514 2590 nomine
532 2572 592 2591 oin.
613 2562 807 2604 AR1b-[‚mv.
827 2572 862 2591 ac
888 2562 1135 2592 clarissimorum
1160 2563 1243 2593 hom.
1270 2563 1443 2593 nominibus
1467 2567 1494 2592 et
1517 2563 1629 2593 honore
1655 2565 1688 2592 in
1713 2564 1837 2602 poculis
1863 2573 1930 2591 a—--

104 2618 167 2646 dici
193 2618 257 2646 iub.
286 2628 308 2646 r.
337 2617 376 2647 cf.
404 2617 519 2655 Porph.
546 2618 588 2647 ad
611 2619 755 2656 singulos
781 2628 811 2647 u.
840 2628 889 2658 cy.
918 2619 994 2657 (om.
1022 2620 1096 2659 sub)
1122 2620 1204 2658 sing.
1222 2621 1443 2650 -hominum
1468 2630 1572 2649 nomen
1597 2621 1695 2649 adiici
1722 2621 1785 2649 iub.
1804 2619 1842 2657 C,
1870 2630 1929 2649 om.

103 2674 134 2704 2⁸72
151 2673 281 2712 poculis.
337 2674 370 2703 In
390 2674 507 2712 poculis
532 2684 595 2704 non
621 2675 757 2704 debebat
785 2676 910 2713 omitti3
938 2676 1196 2714 intellegendum
1222 2678 1316 2711 enim,
1342 2682 1378 2706 ut
1404 2675 1471 2706 Cic.
1499 2676 1572 2706 Seu.
1594 2678 1641 2713 14,
1669 2677 1744 2705 inter
1769 2675 1932 2705 bibendum.

104 2729 172 2761 Cic.
198 2730 281 2759 Phil.
307 2729 349 2763 Π,
378 2730 434 2759 25:
462 2731 547 2759 inter
573 2740 712 2768 coenam,
750 2732 783 2760 in
809 2732 890 2769 ipsis
915 2733 980 2761 tuis
1007 2734 1198 2762 immanibus
1224 2733 1355 2771 poculis.
1405 2733 1489 2763 Flor.
1516 2733 1556 2770 II,
1586 2734 1642 2762 10:
1681 2742 1756 2771 prae
1793 2734 1929 2771 poculis.

105 2787 157 2818 Sic
182 2796 240 2816 nec
264 2796 369 2816 nomen
394 2795 452 2816 nec
476 2786 597 2816 nomina
623 2788 761 2817 scribere
786 2797 843 2817 nec
870 2788 991 2827 cyathos
1017 2790 1048 2818 in
1073 2789 1189 2827 cyathis
1224 2790 1275 2818 vel
1300 2789 1341 2818 ad
1364 2789 1484 2828 cyathos
1508 2794 1630 2818 mutare
1657 2799 1734 2827 opus
1760 2794 1820 2819 est.
1874 2790 1928 2828 14)

103 2847 211 2873 autem
236 2853 296 2872 om.
322 2843 405 2885 7R,r.
430 2842 517 2872 Trib.
543 2847 649 2873 autem
672 2853 745 2873 nou.
771 2844 809 2876 A.
858 2863 900 2865 »---
949 2846 1067 2874 curites
1103 2846 1159 2887 Αγ.
1199 2847 1312 2875 cerites
1354 2846 1403 2875 12.
1440 2846 1573 2875 charites
1597 2846 1661 2883 R,1·.
1699 2847 1841 2876 charitas
1866 2845 1931 2876 afh.

103 2901 266 2930 charitates
301 2900 483 2929 v.dicebaut
523 2900 614 2942 Ast..
653 2909 669 2929 a
696 2901 823 2930 laetitia
859 2902 1051 2931 dicebantur
1091 2904 1145 2940 1,1·.
1184 2903 1343 2931 laetitiam
1378 2902 1499 2931 dabant
1537 2902 1603 2931 afh.
1639 2903 1715 2932 dare
1741 2903 1930 2933 dicebantur

103 2955 139 2985 R.
167 2956 233 2985 sch.
261 2965 320 2985 om.
346 2957 376 2985 b.
427 2956 483 2994 16)
510 2955 581 2985 Sch.
607 2967 669 2986 om.
695 2956 751 2998 TC,
778 2958 832 2996 qui
857 2959 995 2988 habent:
1022 2959 1171 2988 attonitus.
1199 2963 1362 2996 expertus,
1388 2958 1512 2988 doctus.
1540 2958 1624 2992 Quod
1646 2969 1709 2989 non
1726 2959 1772 2995 fh,
1793 2960 1930 2989 inebria-

103 3016 192 3041 retur
216 3022 241 3042 r.
292 3012 347 3051 17)
375 3012 495 3042 Ternos
520 3016 543 3041 t.
570 3023 594 3042 c.
623 3014 686 3042 sch.
715 3022 755 3042 ex
780 3014 823 3043 A:
850 3014 919 3044 Hoc
945 3018 993 3044 est
1018 3016 1092 3044 noui
1119 3018 1273 3045 esternos.
1299 3016 1368 3044 rell.
1397 3025 1458 3045 om.
1511 3015 1567 3054 18)
1603 3015 1662 3045 tris
1686 3016 1754 3052 AR,
1780 3020 1816 3045 ut
1841 3016 1871 3044 K
1898 3022 1928 3045 ct

105 3067 214 3105 G‚rva‚
252 3068 325 3097 treis
349 3068 394 3097 ssl.
448 3068 503 3107 19)
532 3069 741 3108 laetitiaeque
768 3069 890 3108 (laetic.
915 3072 951 3110 v)
977 3081 1061 3101 omn.
1088 3072 1172 3100 libri.
1223 3071 1250 3106 Q
1275 3072 1374 3100 tacite
1399 3072 1514 3101 inculc.
1539 3076 1567 3101 et
1589 3072 1743 3102 laetitiae.
1792 3073 1849 3111 20)
1889 3073 1928 3102 cf.

105 3133 200 3161 supra
235 3123 266 3160 I,
303 3126 361 3162 30,
400 3126 429 3154 6.
485 3125 609 3155 Novum
646 3127 761 3155 lemnia
798 3128 899 3165 posui.
937 3137 964 3156 u.
1004 3129 1128 3165 pictura
1154 3127 1337 3157 Gratiarum
1374 3128 1570 3166 Pompeiana
1607 3131 1638 3158 in
1664 3129 1748 3159 Mus.
1787 3129 1928 3159 Borbon.

105 3179 161 3208 III.
189 3180 219 3208 3.

240 3244 396 3270 HAUTHAL.
413 3245 482 3266 Aen.
499 3246 538 3266 ΕΤ
557 3246 672 3267 PORPH.
