2283 3535
800 182 847 214 IN
876 182 1009 214 EPOD.
1036 184 1151 214 xvn.
1808 176 1887 216 525

177 304 243 345 51.
280 312 316 345 et
346 313 411 346 luo
446 304 598 346 Cruore
630 306 776 347 rubros
809 306 902 346 obst.
928 320 1053 361 pann.
1085 305 1187 346 lauit
1220 307 1301 347 (stc.
1334 307 1388 359 so.
1421 308 1552 349 exsilis
1589 323 1658 364 pu.
1739 307 1888 349 Κοικό-

69 391 210 431 φατον.

65 525 149 555 enim
174 524 291 555 Suidas
317 521 520 568 πατοῦμενοι.
549 523 747 569 ὺβριζόμενοι
774 529 792 557 i.
820 537 846 558 e.
880 530 1092 558 contaminati
1126 539 1181 559 seu
1218 531 1337 560 iniuria
1362 531 1492 561 affecti:
1520 533 1663 563 Minime.
1702 533 1890 564 Pactumeius

65 590 181 612 nomen
204 581 378 611 Romanum
405 592 473 612 esse
505 584 641 621 probant
668 584 836 622 Inseriptt.
873 594 922 622 ap.
961 584 1087 615 Gruter.
1115 587 1191 622 816,
1219 588 1247 615 8.
1286 588 1465 617 Furnalett.
1492 589 1568 618 Iscr.
1596 589 1708 618 d'Este
1735 599 1763 627 p.
1795 591 1830 618 113
1859 593 1890 619 et

64 637 152 666 Fast.
179 636 275 667 Cons.
302 638 426 668 Baiter.
453 648 479 668 a.
506 639 580 668 832.
609 641 682 669 935.
711 641 793 669 conf.
821 640 892 669 Fea.
921 640 1018 671 Orell.
1046 646 1077 671 et
1104 642 1198 681 Corp.
1226 643 1308 673 Insc.
1328 644 1411 674 Latt.
1443 645 1490 673 ed.
1508 645 1685 674 Mommsen
1708 646 1802 675 1863.
1820 646 1889 676 Vol.

65 694 89 723 I.
116 695 191 723 567.
219 695 293 724 574.
321 695 391 738 Βφι
429 699 548 734 renesque
572 696 689 734 uenter]
730 697 812 726 Ecce
842 707 904 727 uno
929 699 1027 728 uerbo
1054 700 1164 728 laudat
1190 710 1267 729 eam.
1295 701 1358 730 alio
1384 701 1554 738 uituperat.
1586 711 1658 730 nam
1692 703 1775 740 quod
1801 703 1889 732 dicit.

66 754 116 780 est
141 749 194 779 tihi
215 750 360 789 hospitale
379 755 481 790 pectus
509 753 592 790 quod
617 753 736 782 multos
774 757 932 783 amatores
968 756 1107 785 sustinet
1144 757 1177 785 in
1202 757 1381 794 complexu.
1409 758 1554 787 ostendit
1579 758 1668 787 illam
1693 759 1891 788 meretricem

65 816 147 837 esse.
173 807 258 836 Dum
283 817 358 837 uero
382 809 484 838 addit.
512 813 586 838 sunt
612 810 670 839 tibi
692 819 791 848 purae
816 820 922 839 manus
948 819 964 839 a
996 812 1161 841 ueneficiis
1187 813 1297 842 laudat
1323 814 1422 843 illam.
1452 814 1635 853 iterumque
1672 824 1741 844 cum
1780 815 1891 844 subdit

65 868 185 902 tuusque
208 868 309 893 uenter
337 868 383 893 est
410 864 534 903 factum
558 865 620 895 eius
659 867 678 895 i.
719 870 829 904 partus
865 868 986 897 uentris
1022 869 1082 897 tui.
1120 878 1191 898 ecce
1228 871 1390 908 uituperat
1426 871 1524 900 illam.
1562 871 1750 901 Pactumeius
1784 876 1890 901 autem

65 921 228 959 proprium
253 929 368 951 nomen
394 925 441 951 est
466 923 555 959 pueri
582 923 755 952 admodum
780 924 893 953 rustici
912 924 966 961 qui
986 924 1070 953 filius
1088 925 1235 954 canidiae
1261 930 1339 954 erat.
1368 926 1423 955 sed
1448 927 1680 956 aestimabatur
1706 929 1744 956 ab
1763 928 1835 957 aliis
1860 932 1892 957 et

65 977 232 1007 dicebatur
257 978 296 1007 ab
322 978 379 1007 illa
402 987 465 1008 non
490 980 638 1017 proprius
663 979 763 1009 fuisse
789 981 845 1009 sed
870 981 1062 1018 subpositus.
1105 981 1165 1010 Per
1191 982 1325 1010 ironiam
1351 986 1457 1012 autem
1482 984 1562 1012 dicit
1585 985 1675 1013 illum
1697 984 1798 1013 filium
1823 985 1891 1013 eius

67 1042 146 1063 esse.
172 1043 205 1075 γῑ
231 1038 351 1073 tuusque
374 1039 489 1064 uenter.
517 1036 536 1065 i.
564 1036 650 1065 filius
676 1037 800 1066 uentris
825 1038 885 1066 tui.
915 1040 1035 1074 pagrum
1063 1038 1139 1066 eius.
1167 1038 1385 1076 subpositicius
1410 1040 1508 1069 filius.
1534 1040 1704 1078 adoptinm
1730 1041 1826 1070 filius.
1852 1041 1890 1070 b:

67 1089 241 1133 pffiumeius
268 1090 316 1129 (at
339 1092 372 1120 in
398 1092 544 1130 rasura):
582 1093 784 1122 Pactumeius
815 1094 1016 1131 componitur
1042 1104 1083 1123 ex
1102 1098 1194 1132 pacto
1219 1099 1250 1124 et
1280 1104 1386 1134 meyea
1420 1096 1440 1125 i.
1472 1093 1569 1135 uentq
1599 1097 1665 1127 seis]
1701 1097 1892 1135 (uenterque

67 1147 190 1186 semen)
223 1151 406 1185 susceptum
438 1149 571 1178 minime
609 1152 764 1179 moratur.
801 1149 850 1178 uel
884 1151 938 1188 qui
976 1154 1068 1188 pacto
1106 1151 1125 1179 i.
1164 1151 1231 1180 iure
1262 1153 1399 1189 parturit
1430 1152 1507 1190 quod
1535 1152 1637 1182 melius
1675 1151 1709 1194 (l
1745 1163 1784 1182 ln.
1818 1163 1891 1192 ergo

63 1208 191 1243 partum
217 1204 313 1243 eius).
338 1204 527 1234 Pactumeius
552 1201 638 1235 uen't'.
665 1215 793 1235 merens
821 1206 856 1244 (l.
883 1205 1018 1244 mez'ens)
1046 1211 1184 1244 partum.
1211 1208 1260 1237 uel
1283 1209 1410 1246 proprio
1436 1210 1564 1238 nomine
1589 1210 1746 1247 accipitur
1771 1210 1792 1239 i.
1819 1218 1892 1247 pae-

68 1264 183 1290 tumens
210 1260 288 1299 (sic)
314 1264 362 1290 est
386 1265 460 1291 tuus
486 1266 598 1291 uenter
624 1263 644 1290 i.
671 1262 779 1291 filius.’
822 1280 862 1282 —
902 1263 987 1291 dixit
1016 1264 1072 1299 ²2,r.
1106 1264 1174 1292 rell.
1207 1264 1289 1293 dicit.
1323 1274 1398 1303 quae
1422 1266 1540 1295 habere
1565 1265 1668 1303 R,mv.
1700 1265 1768 1295 rell.
1794 1275 1889 1304 quem.

184 1316 216 1355 1)
244 1317 333 1346 eaez‘lis
359 1327 413 1355 pro
447 1317 557 1347 exsilis
583 1317 681 1355 (conf.
708 1318 739 1348 S.
765 1318 805 1355 II,
833 1320 864 1355 ὃ,
891 1319 948 1347 98:
974 1319 1053 1347 leuis
1079 1319 1178 1348 exilit.
1205 1321 1345 1349 exultim.
1377 1321 1517 1350 exilium.
1550 1321 1627 1350 eatul.
1658 1330 1783 1351 execare
1814 1322 1889 1361 etc.)

68 1373 160 1403 codd.
185 1373 314 1404 Horatii
341 1378 372 1403 et
396 1374 639 1414 Porphyrionis,
677 1376 731 1413 qui
757 1375 843 1404 eaez'lz's
867 1385 897 1404 u.
923 1384 1039 1404 nomen
1065 1376 1260 1413 intellegens
1286 1378 1440 1414 exponit:
1477 1376 1619 1416 defmvm's
1646 1387 1705 1415 per
1737 1377 1894 1408 militatem

68 1429 203 1467 corporis
228 1440 264 1459 ac
287 1429 413 1460 maciem
435 1431 612 1460 naturalem.
640 1430 730 1466 Quae
755 1430 889 1460 Acronis
915 1431 1091 1468 explicatio
1120 1430 1228 1469 fuerit,
1257 1442 1297 1462 ex
1323 1434 1456 1463 scholiis
1482 1443 1561 1471 quae
1588 1434 1645 1463 sub
1671 1435 1800 1464 nomine
1826 1435 1894 1464 eius

66 1485 223 1522 feruntur,
251 1496 314 1516 non
339 1491 481 1525 apparet.
522 1487 694 1517 Vetustam
720 1492 826 1517 autem
850 1489 1069 1525 acceptionem
1095 1489 1190 1518 istam
1216 1492 1377 1519 testantur
1402 1491 1480 1520 haec
1505 1491 1645 1520 scholia:
1672 1491 1767 1520 exilis.
1793 1501 1894 1529 quan-

67 1543 187 1572 tumuis
212 1542 297 1571 emilis
322 1546 430 1572 tamen
456 1543 549 1573 fortis
575 1553 618 1573 es.
645 1545 788 1574 ostendit
808 1544 895 1573 illam
922 1554 983 1574 non
1009 1546 1172 1582 peperisse
1198 1546 1251 1574 sed
1275 1547 1478 1584 supposuisse
1505 1547 1607 1576 tilium
1630 1557 1656 1589 γ,
1684 1548 1894 1578 dissentiente

66 1599 99 1628 h.
125 1599 145 1627 l.
177 1598 218 1627 C:
250 1603 403 1638 utcunque.
441 1601 692 1639 quotiescunque
729 1601 824 1638 exe’liS,
862 1601 894 1629 id
927 1605 977 1638 est,
1004 1601 1116 1630 exultas
1141 1602 1234 1631 fortis
1260 1612 1426 1640 puerpera.
1453 1613 1513 1641 quo
1547 1604 1634 1633 dicto
1664 1604 1790 1633 ostendit
1813 1604 1895 1633 [Ham

68 1664 126 1684 nou
145 1655 312 1694 peperisse,
337 1656 391 1685 sed
414 1657 475 1686 sibi
489 1657 592 1696 filium
616 1658 756 1686 alienum
780 1657 965 1695 supposuisse
990 1659 1118 1688 nomine
1143 1659 1373 1688 Pactumeium.
1399 1659 1468 1702 sz:
1497 1659 1592 1688 ‘emilis
1610 1669 1665 1697 pu.
1693 1660 1787 1695 Quod
1812 1661 1892 1690 dicit

68 1712 161 1742 fortis
197 1713 307 1742 laudat
344 1714 429 1742 illam
456 1723 519 1743 non
542 1717 592 1744 tot
623 1718 733 1752 partus
766 1715 883 1743 habere
914 1715 998 1752 quod
1032 1714 1258 1744 infamabatur.
1293 1716 1348 1745 sed
1382 1717 1582 1754 subiungens
1614 1716 1699 1746 eaeilc's
1731 1718 1894 1755 uituperat

69 1778 192 1799 ueneno
218 1770 396 1799 delectaris
419 1770 464 1800 At
489 1780 564 1800 uero
589 1772 719 1800 uerbum
745 1771 777 1801 in
803 1779 896 1800 uersu
912 1772 1128 1801 necessarium
1148 1776 1207 1809 est,
1235 1781 1336 1810 neque
1354 1773 1406 1802 uel
1423 1773 1681 1802 additamentum
1705 1783 1745 1810 es,
1774 1778 1810 1803 ut
1834 1775 1893 1804 sit:

70 1826 158 1856 illam
183 1826 270 1865 quasi
293 1826 467 1856 eoehaustam
502 1828 612 1857 multis
648 1829 801 1866 partubus
838 1831 868 1857 et
905 1838 1029 1866 semper
1060 1829 1098 1858 Ut
1120 1839 1240 1868 cumque
1253 1829 1361 1868 fortis,
1396 1829 1481 1859 exilis
1499 1840 1655 1868 puerpera
1685 1839 1724 1866 es,
1757 1832 1894 1869 proban-

70 1884 156 1919 dum,
183 1887 214 1912 et
239 1888 369 1922 propter
392 1885 627 1922 languidiorem
652 1885 745 1914 huius
771 1894 881 1914 uersus
908 1890 939 1914 et
963 1886 1065 1923 partis
1090 1886 1325 1915 conclusionem
1344 1890 1374 1916 et
1393 1890 1523 1925 propter
1547 1887 1686 1917 alienam
1712 1889 1894 1917 sententiae

69 1941 294 1978 acceptionem.
346 1939 547 1979 cacephaton
572 1940 748 1977 RG‚veafh.
775 1939 988 1984 κακέμφατον
1015 1941 1052 1977 Q.
1080 1943 1177 1972 schol.
1204 1952 1254 1972 om
1280 1952 1327 1972 rm
1354 1947 1384 1972 et
1411 1944 1439 1972 2.
1466 1944 1559 1981 posui
1587 1939 1788 1987 Κακόφατον.
