2283 3535
796 205 841 239 IN
870 207 1012 239 cAuM.
1041 208 1100 239 lv.
1808 198 1886 236 401

178 335 243 375 32.
276 342 310 374 et
341 334 409 374 alt.
442 341 466 374 t.
499 348 546 372 m.
609 330 829 372 Secundae
861 344 1028 371 mensae
1060 330 1323 380 dicebantur,
1358 346 1464 384 quae
1504 332 1546 371 in
1578 331 1777 372 honorem
1821 332 1893 371 de-

66 423 183 449 orum
215 405 403 448 exhiberi
436 411 750 453 consueuerant,
784 412 825 444 ut
859 402 934 459 (G
966 402 1022 452 II,
1057 402 1177 457 101):
1226 403 1317 445 Non
1363 419 1429 457 090
1476 413 1509 444 te
1556 405 1627 445 Dis
1673 413 1708 445 et
1751 406 1894 445 mensis

67 490 224 537 accepta
257 481 439 522 secundis
473 479 745 535 ['l‘›·‹1ns=e'ere'm
768 476 965 532 Rhodia]
1026 475 1231 516 Exhiberi
1264 490 1366 530 ergo
1398 482 1435 515 et
1459 474 1653 530 Augusto
1685 477 1896 532 significat

67 556 264 596 honorem
297 554 470 594 deorum
502 567 577 607 per
607 552 774 592 easdem
807 549 1080 590 celebritates.

179 629 244 669 35.
278 630 339 669 ute'
370 627 577 668 Graeciae.
640 624 712 664 sio
743 640 766 665 a
798 623 1000 664 Romanis
1039 623 1243 677 promittit
1275 622 1516 677 Augustum
1548 621 1630 662 Dis
1661 621 1891 665 Penatibus
1942 634 1959 662 ι’)

67 701 324 750 sociandum,
358 698 709 754 quemadmadum
731 713 755 738 a
778 696 957 738 Graccis
988 695 1208 745 Hercules,
1248 694 1400 737 Castor
1430 702 1470 736 et
1490 694 1656 745 Pollux,
1689 710 1792 749 quos
1824 705 1893 737 aut

68 774 201 816 ciuica
233 774 441 828 (iuncta?)
486 772 637 813 animis
675 770 938 812 familiaritas
976 769 1298 815 commendauit.
1346 775 1414 810 aut
1452 784 1575 823 quem
1615 767 1734 809 labor
1772 768 1894 824 diligi

67 848 164 889 fecit
194 854 231 888 et
262 847 408 888 uirtus.

179 923 244 962 36.
278 930 312 962 et
343 936 392 961 m.
424 935 474 961 m.
511 921 558 960 II.
620 918 819 959 Herculis
850 917 1149 958 beneficiorum
1180 930 1350 956 memor.

179 996 246 1036 37.
280 995 366 1036 dux
397 995 429 1035 I).
460 997 488 1048 f.
551 992 637 1033 Aut
668 998 841 1047 propter
872 990 1227 1031 continuationem
1258 989 1531 1030 uictoriarum
1562 989 1710 1045 longas
1733 990 1894 1045 optauit
1920 998 1961 1030 10

69 1069 206 1119 ferias,
239 1075 307 1109 aut
342 1067 433 1124 [ab]
467 1066 694 1108 ominando
728 1065 877 1122 [bella]
915 1064 1045 1105 uitam
1076 1064 1296 1119 prolixam.

181 1143 246 1183 38.
278 1143 443 1196 efnteqro.
509 1141 604 1181 Toto
637 1140 706 1180 dfe.

181 1217 246 1257 39.
279 1217 384 1256 sicci.
443 1212 601 1254 Jeiuni.
643 1239 681 1243 ——
720 1212 846 1253 uuicti.
906 1210 1020 1253 Vino
1050 1211 1189 1266 pleno,
1226 1216 1269 1251 ut
1300 1209 1370 1265 (B,
1403 1209 1462 1259 X,
1496 1210 1589 1265 20):
1644 1210 1794 1251 Vu‘idus
1825 1210 1895 1251 lu'-

70 1291 191 1331 berna
222 1291 330 1330 uem't
363 1289 408 1329 de
438 1288 583 1342 ylande
613 1287 835 1329 Menalcas.

181 1364 247 1403 40.
280 1363 422 1404 subest.
484 1359 639 1402 Subter
670 1367 727 1400 ost
760 1360 784 1400 i.
818 1374 851 1399 c.
884 1360 925 1399 in
958 1373 1153 1400 occasum
1185 1357 1376 1399 conditus
1408 1363 1481 1397 est.
1924 1366 1964 1396 15

802 1561 1161 1605 PORPHYRION.

183 1657 297 1697 De'ue's
329 1672 360 1697 0.
392 1656 426 1696 b.
486 1654 606 1696 Haec
637 1655 715 1695 ode
746 1654 799 1694 ad
821 1652 1062 1706 Augustum
1085 1652 1241 1707 scripta
1263 1657 1324 1692 est
1345 1650 1517 1691 diuitius
1539 1649 1582 1690 iu
1604 1649 1899 1691 transmarinis

70 1729 299 1786 prouinciis
328 1735 561 1769 morantem
591 1728 736 1783 populi
769 1742 816 1768 ac
862 1733 1028 1768 senatus
1073 1725 1356 1782 legationibus
1402 1724 1541 1766 missis
1586 1722 1766 1764 reditum
1811 1723 1899 1765 eius
1925 1734 1966 1765 20

70 1809 285 1858 precatum
316 1803 581 1858 (precantum
591 1802 638 1856 P).

184 1878 220 1918 6.
252 1879 382 1918 instar
411 1891 451 1917 u.
484 1892 513 1917 e.
550 1891 588 1917 u.
628 1890 666 1916 u.
708 1883 732 1916 t.
769 1875 948 1929 adfulsit.
1022 1873 1119 1915 Hoc
1156 1879 1236 1914 est:
1284 1871 1521 1927 praesentia
1559 1877 1630 1912 tua
1672 1871 1726 1911 ad
1767 1871 1900 1912 instar

70 1965 224 1991 uernae
255 1950 416 2006 gratiae
447 1949 735 1991 exhilarantur
766 1948 919 1989 onmia.

183 2025 333 2065 8-12.
366 2032 410 2065 ut
439 2031 563 2064 mater
593 2025 618 2064 τ’.
651 2037 683 2078 q.
715 2030 832 2064 notas
864 2023 886 2062 ι’.
915 2022 955 2077 fl.
998 2021 1206 2077 Carpathii
1234 2029 1258 2062 t.
1289 2035 1339 2061 m.
1371 2035 1428 2061 ae.
1460 2034 1491 2060 e.
1523 2035 1553 2059 s.
1586 2020 1610 2060 l.
1643 2034 1679 2059 a.
1713 2020 1751 2059 d.
1785 2019 1898 2060 disct-

70 2107 135 2140 net
164 2113 199 2138 a.
232 2099 268 2139 d.
298 2099 477 2153 uotisque
507 2097 701 2138 omsm'bus
732 2104 766 2137 et
789 2110 856 2151 pr.
888 2110 928 2136 u.
1003 2093 1123 2136 Ordo
1155 2100 1236 2135 est:
1285 2093 1346 2134 Ut
1376 2100 1509 2133 mater
1547 2099 1670 2134 uocat.
1698 2091 1900 2133 iuuenem
1925 2103 1966 2133 25

71 2178 333 2213 cunctantem
365 2170 499 2225 spatio
529 2170 696 2225 longius
727 2183 865 2209 annuo
896 2169 1003 2210 uotis
1034 2168 1244 2209 ominibus
1276 2177 1316 2207 et
1344 2165 1554 2221 precibus.
1635 2166 1900 2208 Cunctantem

72 2252 210 2286 autem
240 2245 527 2286 demorantem
558 2243 779 2299 significat,
811 2251 856 2283 ut.
885 2242 998 2298 apud
1027 2243 1137 2297 Very.
1159 2240 1234 2296 (A.
1256 2240 1313 2291 II,
1338 2240 1460 2295 l33):
1498 2240 1695 2295 Reqz'nam
1728 2240 1899 2282 thalamo

74 2328 322 2360 cunctantem
352 2319 407 2359 ad
439 2319 576 2359 limina
598 2319 727 2373 prinu
754 2318 981 2358 Poenorum
1011 2323 1232 2372 expectant.

188 2393 251 2433 15.
288 2394 343 2433 sic
382 2392 417 2433 d.
458 2392 536 2432 icta
576 2392 605 2445 f.
646 2406 678 2446 q.
712 2406 753 2446 p.
796 2390 835 2431 C.
910 2390 996 2431 Icta
1040 2387 1364 2444 participialiter
1410 2387 1564 2429 dicitur
1608 2394 1648 2428 et
1692 2387 1902 2443 significat

70 2482 277 2522 percussa.
1920 2470 1962 2502 30

188 2541 252 2581 18.
283 2541 412 2580 nutrit
439 2552 472 2579 r.
500 2538 539 2580 C.
563 2554 598 2579 a.
624 2539 838 2579 Faustitas.
897 2536 1189 2578 Adnotantum
1209 2549 1363 2576 nomen
1385 2535 1612 2584 Fausticlas,
1651 2534 1711 2576 sic
1742 2534 1901 2576 dictum

75 2612 195 2667 quasi
224 2612 403 2653 felicitas
434 2618 504 2652 aut
533 2610 780 2653 iucunditas.

188 2762 223 2802 3)
248 2761 361 2791 Trans.
387 2761 490 2791 Rhod.
517 2770 577 2790 om.
603 2761 665 2790 A2.
730 2759 765 2800 7)
790 2765 820 2790 et
846 2762 907 2790 eiu.
934 2769 1035 2790 mvca.
1062 2759 1163 2789 animi
1186 2758 1293 2794 OcaQ.
1322 2759 1392 2788 rell.
1425 2757 1548 2787 animis.
1580 2757 1677 2787 ciuica
1702 2763 1897 2796 suspectum.

75 2819 196 2859 iungere
220 2819 407 2856 amicitiam,
434 2828 554 2857 pacem,
580 2818 786 2847 adfinitatem
812 2816 878 2847 Cic.
906 2822 937 2848 et
962 2817 1033 2847 Liu.
1063 2834 1101 2837 —
1129 2825 1221 2855 quem
1245 2816 1342 2853 AR‚r.
1368 2815 1436 2844 rell.
1463 2824 1543 2853 quos.
1569 2824 1648 2852 quos
1675 2825 1735 2845 om.
1765 2814 1800 2844 C.
1862 2813 1896 2854 9)

76 2875 225 2905 Herculis
249 2875 286 2904 A.
333 2875 370 2904 Id
395 2879 444 2905 est
468 2884 528 2905 om.
552 2874 785 2912 AR12,rmvca.
823 2891 865 2895 -«
900 2874 1004 2904 benef.
1029 2883 1123 2903 mem.
1149 2872 1270 2910 AR2‚r.
1296 2873 1366 2902 rell.
1392 2881 1484 2901 mem.
1510 2872 1584 2900 ben.
1643 2869 1699 2911 11)
1723 2872 1898 2901 ominando

75 2932 114 2962 A.
140 2933 209 2962 rell.
235 2931 334 2961 abom.
358 2931 441 2961 Plin.
467 2932 506 2961 E.
532 2931 587 2969 IV,
615 2931 670 2960 15:
696 2934 842 2969 optamus
868 2948 909 2951 —
934 2932 1185 2969 ominamurque.
1211 2930 1297 2959 bella
1323 2938 1382 2958 om.
1408 2928 1601 2964 AR12,rn1v.
1653 2926 1709 2967 13)
1735 2928 1837 2957 ieiuni
1862 2932 1899 2958 ut

78 2988 132 3029 (E.
157 2989 182 3026 I,
212 2990 262 3026 19,
290 2989 341 3028 9):
366 2987 513 3018 mandabo
536 2987 621 3017 siccis
645 2987 776 3016 adimam
799 2997 843 3016 ca.
869 2987 981 3017 seueris
1005 2987 1042 3016 R.
1094 2987 1149 3025 15)
1176 2986 1293 3016 Subter
1317 2988 1367 3015 est
1392 2994 1452 3014 om.
1478 2984 1513 3013 R.
1539 2983 1645 3013 subest.
1672 2984 1791 3015 occidit
1816 2984 1873 3025 γΟ.

190 3045 344 3075 PORPH.
393 3044 464 3075 Ode
488 3044 636 3074 LXXXX
659 3044 716 3073 111.
774 3043 826 3072 Ad
851 3048 1023 3082 augustum
1047 3044 1083 3073 R.
1146 3043 1204 3081 21)
1231 3046 1412 3081 praecatum
1437 3041 1480 3070 M.
1503 3045 1669 3079 precatum
1693 3040 1784 3070 R2G.
1804 3050 1901 3078 prae-

80 3102 183 3130 cantis
208 3111 234 3130 r.
259 3103 328 3131 rell.
354 3103 527 3140 precantis.
588 3102 645 3141 22)
671 3101 712 3130 ad
736 3102 839 3130 instar
863 3100 925 3130 MR
950 3104 981 3130 et
1006 3101 1079 3129 edd.
1113 3099 1155 3129 (td
1189 3109 1250 3129 om.
1289 3100 1317 3127 2.
1357 3107 1452 3136 expu.
1491 3096 1529 3127 G.
1567 3097 1607 3127 ad
1644 3098 1748 3127 instar
1784 3096 1903 3126 Iustin.

80 3157 224 3195 XXXVI,
251 3158 268 3186 3
306 3162 338 3187 et
374 3159 502 3196 saepius
533 3159 617 3196 apud
648 3157 830 3195 Apuleium.
861 3167 991 3187 vernum
1020 3157 1063 3186 M.
1128 3156 1185 3194 25)
1213 3156 1299 3186 Ordo
1326 3158 1374 3184 est
1400 3165 1460 3185 om.
1485 3154 1528 3184 M.
1594 3154 1652 3194 26)
1685 3153 1904 3184 Cunctantem

80 3213 297 3243 immorantem
322 3213 359 3242 R.
409 3213 467 3253 27)
492 3218 527 3244 ut
551 3218 593 3243 est
616 3214 681 3243 afh.
707 3218 742 3243 ut
768 3216 817 3243 est
843 3214 927 3251 apud
952 3223 1012 3243 om.
1039 3214 1069 3242 2.
1118 3212 1176 3251 32)
1203 3211 1357 3242 sethoitas
1381 3211 1424 3240 M.

216 3278 374 3306 HAUTHAL,
390 3278 457 3299 Aen.
474 3279 514 3299 ET
530 3278 641 3300 Poaru.
1634 3270 1666 3293 26
