2283 3535
275 651 293 680 C*

278 1016 319 1046 10

340 215 421 256 516
972 220 1078 252 Aca.
1105 219 1165 251 ET
1190 217 1358 250 Pourn.
1385 216 1532 250 coMM.

338 348 484 390 relicto
528 345 665 401 patrio
709 344 817 394 solo,
871 343 914 384 in
960 340 1150 385 Galliam
1200 347 1406 382 uenerunt
1457 340 1768 393 Massiliamque
1814 337 1963 379 urbem
2015 335 2171 379 condi-

340 421 504 463 derunt.

455 494 520 533 21.
551 493 608 532 ire
633 506 676 547 p.
709 504 914 545 quocumq.
946 489 1097 542 ferum.
1169 486 1266 528 Hoc
1303 485 1594 541 superioribus
1632 484 1894 540 iungendum
1930 489 2013 524 est:
2058 481 2174 524 nulla

341 568 393 609 sit
424 566 499 607 hac
524 566 658 621 potior
689 564 892 611 sententia,
925 576 1051 616 quam
1085 559 1187 616 [ut]:
1221 560 1324 601 eatis
1357 573 1620 614 quocumque
1650 574 1725 600 uos
1757 557 1886 612 pedes
1916 557 2066 598 ferunt.

456 640 522 680 23.
555 639 610 679 sic
636 638 802 693 placet?
831 650 883 676 an
916 635 1055 675 melius
1087 634 1173 688 quis
1195 633 1230 673 lz.
1253 649 1283 673 s.
1307 648 1337 673 s.
1397 632 1463 673 Sic
1489 633 1624 688 placet
1654 630 1957 686 interrogatiue
1989 643 2176 684 pronun-

340 712 531 754 tiandum
553 718 626 752 est.
689 709 868 750 Sensus:
901 707 980 748 hoc
1011 721 1163 761 nempe
1194 705 1361 760 placet?
1396 704 1487 761 [an]
1520 705 1717 760 numquis
1738 711 1923 745 uestrum
1944 701 2069 743 habet
2090 715 2178 742 1110-

341 786 435 836 lius,
469 784 582 839 quod
614 782 811 824 suadeat?
858 780 915 821 Et
946 780 1125 821 adtende
1156 779 1337 834 figuram
1368 778 1634 820 elocutionis:
1682 793 1734 819 an
1779 777 1918 818 melius
1952 777 2040 832 quis
2070 775 2182 816 habet

343 857 538 901 suadere?
572 856 753 897 Suadere
784 854 897 895 enim
928 852 1104 894 uerbum
1135 852 1227 894 loco
1258 851 1441 893 nominis
1471 851 1655 906 positum
1686 858 1748 892 est
1768 865 1847 906 pro
1868 849 2051 898 suadela,
2083 847 2182 902 quia

345 932 405 973 sic
436 928 753 984 accipiendum:
788 942 840 968 an
874 926 967 981 quis
997 925 1124 966 habet
1153 925 1371 967 meliorem
1403 924 1644 966 suadelam?

459 1004 524 1043 24.
559 1002 748 1043 Secunda
781 1001 922 1042 Ratem
953 1014 1090 1055 occup.
1124 1000 1220 1054 quid
1249 1013 1349 1040 mor.
1380 998 1496 1039 alite?
1555 996 1651 1038 Hoc
1681 997 1766 1038 iam
1787 996 1994 1038 hortatiue
2016 995 2184 1046 dicitur,

344 1076 464 1132 quasi
495 1090 579 1117 non
611 1073 866 1130 proferendo
897 1073 1116 1114 meliorem
1148 1071 1364 1113 suadelam
1396 1070 1575 1112 confessi
1598 1070 1693 1120 sint,
1731 1070 1936 1124 optimum
1961 1068 2184 1110 consilium

344 1164 434 1192 esse
465 1147 774 1204 proficiscendi.
835 1146 1021 1189 Secunda
1052 1152 1191 1186 autem
1223 1145 1314 1187 alite
1347 1143 1464 1200 [pro]
1498 1158 1702 1199 prospero
1735 1144 1910 1200 (auspicio
1943 1142 2109 1192 dicitur,
2141 1148 2187 1183 ut

345 1238 474 1279 supra
507 1221 587 1277 (X,
622 1223 678 1275 1).

461 1297 526 1337 25.
559 1296 627 1336 sed
656 1300 737 1337 ίαν.
767 1295 791 1335 τ’.
823 1294 858 1334 h.
891 1309 921 1335 s.
952 1294 977 1333 i.
1010 1309 1040 1334 s.
1073 1306 1107 1333 r.
1138 1308 1177 1333 u.
1212 1293 1236 1333 l.
1269 1307 1307 1333 n.
1339 1306 1372 1332 7·.
1395 1308 1424 1333 s.
1447 1306 1486 1332 71.
1546 1290 1630 1332 Ρο1·
1660 1291 1740 1332 hoc
1776 1289 2074 1332 reuertendum
2103 1303 2188 1330 non

346 1383 437 1412 esse
468 1368 592 1418 dicit3
624 1383 702 1409 nec
734 1367 846 1408 enim
878 1381 1210 1421 saxaumquam
1241 1364 1461 1406 renabunt.

462 1445 526 1484 27.
561 1443 627 1484 28.
660 1443 749 1483 Neu
782 1456 898 1483 comt.
931 1441 1091 1482 domum
1115 1441 1197 1495 pzy.
1231 1440 1329 1479 dare
1361 1439 1478 1479 lintea
1515 1439 1653 1479 Padus
1676 1439 1834 1480 Matina
1867 1438 1948 1479 lau.
1983 1452 2066 1479 cac.
2124 1434 2190 1478 Ne

347 1516 513 1557 radices
545 1515 715 1570 quidem
747 1515 899 1557 Matini
927 1513 1080 1554 montis
1111 1513 1356 1568 contingere
1400 1512 1538 1553 Padus
1575 1518 1709 1566 potest
1756 1511 1911 1552 nedum
1957 1510 2190 1560 cacumina,

350 1590 508 1645 quippe
540 1604 635 1630 cum
672 1589 807 1630 Padus
840 1586 1008 1629 Galliae
1042 1585 1231 1643 [fluuius]
1266 1585 1330 1635 sit,
1368 1586 1549 1628 Matium·
1598 1585 1756 1641 [mons]
1806 1583 2047 1626 Calabriae.
2106 1581 2191 1622 Per

353 1662 519 1717 αὔξησιν
554 1676 657 1717 ergo
688 1660 856 1702 uidetur
888 1660 1069 1702 reditum
1101 1659 1325 1701 exsecrari.

347 1750 579 1789 habitandaque
593 1748 680 1788 saroa
704 1750 792 1787 apris
818 1749 910 1787 reliq.
940 1752 971 1777 et
996 1757 1062 1785 rap.
1089 1746 1362 1786 R,rvafh.f0caei
1385 1746 1460 1776 MG.
1484 1745 1646 1782 foceorum
1673 1751 1703 1776 et
1725 1746 1910 1784 phoceorum
1935 1746 2058 1775 habent
2081 1744 2134 1786 Βφ
2160 1744 2193 1773 111

349 1809 494 1847 longiore
521 1807 653 1836 scholio.
681 1805 793 1843 phocei
819 1806 848 1834 2.
884 1804 1016 1843 phocaei
1040 1814 1067 1834 a.
1108 1805 1245 1843 phoceni
1271 1814 1316 1833 rv.
1348 1803 1507 1833 Phocaem'
1529 1803 1646 1841 R,th.
1672 1803 1748 1833 Asc.
1775 1807 1874 1839 reete,
1901 1813 1974 1832 nam
2000 1801 2140 1832 Phocaez'
2164 1804 2196 1830 et.

349 1866 559 1895 Phoeaeenses
586 1864 667 1892 dicti
693 1866 784 1892 sunt:
811 1861 896 1891 Mela
920 1862 944 1899 I,
968 1863 1017 1891 19.
1044 1861 1085 1899 II,
1106 1862 1134 1899 5,
1163 1865 1193 1891 et
1219 1861 1303 1890 Plin.
1330 1860 1387 1898 ΙΙΙ,
1408 1861 1438 1890 4.
1467 1859 1539 1891 Liu.
1557 1860 1720 1897 XXXVII,
1740 1861 1791 1890 32.
1817 1850 1940 1891 Jus'tin.
1965 1856 2144 1895 XXXXIII,
2164 1858 2194 1894 3,

350 1931 413 1952 non
438 1921 612 1951 Phocaeni.

465 1978 499 2016 3)
527 1977 708 2015 quicunque
726 1975 829 2005 ferent
846 1975 868 2004 f.
888 1984 1074 2013 quocunque
1091 1972 1193 2004 ferent
1211 1973 1280 2002 rvh.
1300 1982 1501 2011 quocunque,
1521 1983 1581 2003 om.
1601 1972 1720 2012 ferent,
1741 1984 1767 2003 a.
1790 1983 1845 2012 sap
1854 1974 1934 2004 erius
1953 1975 1983 2004 2.
2032 1976 2068 2015 4)
2094 1979 2130 2005 ut
2147 1975 2195 2006 fh.

350 2035 420 2064 rell.
447 2043 508 2063 0111.
534 2038 567 2062 ut
596 2042 702 2071 supra.
729 2031 831 2061 ferent
856 2030 1026 2068 R2‚rvafh.
1054 2022 1126 2061 rell.
1153 2031 1257 2061 ferunt
1306 2031 1340 2069 5)
1368 2030 1403 2059 Si
1427 2031 1533 2068 placet.
1550 2031 1659 2060 Ambr.
1679 2041 1743 2060 11011
1761 2033 1855 2069 1111110,
1888 2036 1923 2062 111
1942 2031 2195 2071 francogallice:

352 2092 396 2121 sis
422 2101 485 2120 vou
511 2088 619 2128 plait?
645 2099 679 2131 ⁴s:
709 2088 761 2118 Sic
782 2086 907 2126 placet?
934 2088 1176 2126 interrogatiue.
1203 2092 1257 2117 aut
1276 2087 1390 2116 melius
1407 2088 1582 2117 hortatiue.
1601 2087 1641 2117 C:
1668 2098 1724 2126 per
1743 2089 2043 2127 interrogationem.
2095 2090 2130 2128 6)
2157 2099 2198 2119 an

351 2147 460 2186 aliquis
485 2157 513 2177 a.
539 2146 677 2184 numquis
703 2155 750 2174 rv.
774 2154 849 2173 num
875 2143 930 2182 qul
952 2144 995 2173 M.
1022 2154 1096 2173 num
1122 2143 1177 2182 qui
1202 2148 1344 2173 uestrum
1370 2144 1485 2173 habent
1510 2143 1649 2182 suadere,
1688 2155 1748 2174 om.
1774 2146 1889 2175 melius
1922 2164 1964 2167 —
1998 2147 2096 2176 habet
2120 2156 2194 2176 sua-

352 2204 422 2233 dere
446 2203 481 2232 P..
532 2203 566 2241 7)
595 2201 701 2231 suadet
723 2201 766 2230 M.
793 2201 931 2231 adtende
945 2200 987 2229 M.
1018 2217 1057 2221 »μ
1083 2201 1197 2230 melius
1224 2199 1279 2238 qui
1304 2201 1333 2229 2.
1361 2200 1476 2230 melius
1502 2200 1622 2239 quisque
1640 2200 1672 2230 M
1690 2201 1842 2241 (Halm).
1869 2213 1910 2232 an
1934 2203 2109 2234 delendum
2135 2208 2198 2242 est,

353 2270 425 2289 00111
452 2260 530 2289 haec
557 2268 620 2289 non
645 2259 711 2288 sint
728 2258 858 2287 Horatii
884 2258 992 2293 uerba,
1020 2266 1153 2295 quorum
1179 2266 1292 2286 sensus
1318 2260 1446 2286 tantum
1473 2258 1657 2295 exponitur.
1685 2258 1760 2287 Asc.
1788 2259 1885 2289 aliam
1909 2260 1996 2289 uiam
2022 2261 2109 2290 iniit.
2142 2261 2197 2290 In-

352 2317 452 2347 serius
477 2317 600 2354 posuit:
639 2325 679 2345 an
703 2314 778 2353 quis.
806 2314 910 2343 Erunt
936 2315 989 2352 qui
1016 2313 1192 2343 defendant
1218 2314 1302 2343 Num
1332 2313 1390 2352 qui.
1420 2313 1488 2343 Cic.
1516 2313 1606 2343 Rosc.
1625 2313 1696 2343 Am.
1717 2315 1777 2344 34:
1810 2315 1862 2354 qui
1886 2317 2007 2354 primus
2032 2316 2196 2347 Ameriam

351 2371 503 2403 nuntiat?
542 2373 646 2402 Plaut.
673 2372 791 2410 Amph.
818 2371 843 2407 I,
873 2372 900 2407 1,
930 2372 963 2400 l:
991 2370 1043 2409 qui
1066 2380 1116 2400 me
1142 2374 1190 2400 est
1215 2368 1427 2408 prudentior?
1481 2370 1535 2408 10)
1563 2371 1704 2400 ortatiue
1729 2371 1800 2408 M,r.
1852 2373 1907 2410 11)
1935 2374 2102 2404 meliorem
2127 2383 2188 2404 om.

355 2431 384 2459 2.
411 2429 547 2459 confessi
575 2429 646 2458 MR.
673 2429 741 2458 rell.
762 2427 912 2466 professi.
982 2428 1036 2466 12)
1060 2437 1120 2465 pro
1153 2428 1269 2457 inculc.
1303 2427 1341 2462 Q.
1375 2428 1448 2463 rell,
1475 2437 1536 2457 om.
1575 2432 1631 2457 aut
1667 2437 1772 2466 saepe.
1811 2428 1920 2458 dicitur
1949 2440 2010 2459 om.
2047 2431 2075 2460 2.
2144 2428 2199 2469 13)

353 2487 423 2516 alite
449 2487 586 2516 secundo
612 2486 765 2523 auspitio.
791 2486 872 2514 bono
899 2485 1003 2514 omine
1027 2483 1084 2526 γΟ.
1112 2484 1200 2514 allite
1226 2495 1255 2513 v.
1309 2484 1364 2522 15)
1392 2493 1453 2513 esse
1476 2494 1534 2513 non
1559 2484 1604 2514 fh.
1631 2484 1699 2514 rell.
1726 2495 1786 2514 non
1811 2494 1880 2514 esse.
1916 2486 1980 2516 Nec
2006 2488 2092 2517 enim
2117 2496 2201 2516 saxa

355 2553 493 2581 unquam
518 2542 612 2572 MRG
639 2542 736 2581 (umq.
766 2542 819 2580 Q).
846 2542 915 2570 rell.
943 2542 1031 2570 Ilaec
1057 2542 1142 2570 enim
1168 2550 1249 2570 saxa
1275 2550 1443 2579 nunqnam.
1479 2541 1540 2570 Sed
1564 2541 1701 2570 iuremus.
1739 2542 1882 2571 Iul-emus
1916 2543 2021 2581 inquit
2055 2544 2086 2573 in
2120 2544 2200 2573 haec

355 2601 452 2630 uerba
479 2609 560 2638 quae
586 2608 644 2638 ego
670 2600 814 2628 dicturus
841 2607 909 2626 sum
935 2607 1098 2635 prospero.
1125 2601 1161 2627 01
1185 2607 1249 2627 11011
1275 2602 1371 2627 antea
1397 2602 1594 2627 reuertamur
1619 2599 1658 2627 ad
1693 2599 1805 2627 domus
1838 2602 1966 2629 nostras
2002 2610 2063 2638 quo
2097 2610 2200 2639 usque

355 2659 420 2687 ista
446 2658 553 2687 onmia
580 2657 740 2685 eueniant.
768 2656 942 2693 Postquam
968 2664 1042 2683 uero
1077 2656 1242 2684 euenerint
1276 2664 1339 2685 non
1372 2655 1411 2684 sit
1444 2655 1533 2683 nefas
1567 2655 1671 2684 redire
1707 2656 1791 2692 quod
1825 2655 1912 2684 nullo
1944 2657 2037 2686 modo
2070 2658 2201 2687 euenire

357 2715 475 2751 poterit
502 2718 536 2743 01
564 2723 645 2742 saxa
670 2713 776 2741 leuata
803 2722 820 2741 a
846 2711 1005 2749 profundo
1038 2713 1136 2741 maris
1171 2715 1284 2741 natent
1317 2721 1411 2749 super
1443 2712 1570 2741 fluctus.
1597 2712 1709 2750 Neque
1735 2712 1838 2749 padus
1872 2713 1926 2750 qui
1960 2714 2102 2743 radicem
2134 2723 2202 2744 ma-

357 2772 417 2800 tini
453 2771 572 2800 montis
612 2775 744 2806 tangere
770 2777 832 2798 non
860 2771 965 2805 potest
994 2768 1161 2797 cacumina
1188 2768 1275 2797 illius
1301 2768 1481 2805 superriget
1507 2768 1571 2810 Βφ.
1639 2769 1693 2807 16)
1720 2768 1783 2798 Nec
1809 2778 1962 2799 conuersa
1986 2769 2199 2808 MG(Q)‚rva.

357 2827 485 2856 Lemma
512 2828 543 2855 in
570 2827 621 2856 fh:
660 2825 762 2854 Padus
789 2825 911 2853 Matina
936 2824 1048 2853 lanei-[t
1075 2824 1241 2854 cacumina.
1275 2825 1531 2863 porphyrionem
1565 2825 1684 2862 legisse
1708 2834 1772 2861 nec,
1812 2835 1875 2855 non
1902 2835 1942 2855 ex
1976 2836 2012 2856 eo
2039 2827 2197 2865 sequitur,

359 2884 442 2921 quod
470 2884 544 2912 libri
571 2884 617 2912 sic
643 2883 774 2912 habent.
823 2882 886 2910 Nec
913 2882 1008 2911 lectio
1035 2891 1098 2911 non
1127 2883 1171 2911 ita
1196 2881 1291 2918 mala,
1330 2881 1477 2917 neglecta
1502 2882 1539 2911 ab
1568 2882 1760 2918 editoribus,
1803 2886 1870 2912 orta
1896 2883 1976 2912 mihi
2003 2883 2134 2912 uidetur
2159 2893 2201 2913 ex

360 2940 534 2975 negatione
569 2943 600 2968 et
633 2938 862 2976 praecedente:
891 2947 927 2966 710
951 2937 1053 2966 redire
1077 2937 1114 2967 sit
1138 2937 1226 2977 nefas
1250 2942 1282 2967 et
1308 2938 1522 2975 subsequente
1548 2938 1595 2968 Ne
1620 2939 1743 2968 radices
1768 2939 1895 2977 quidem,
1922 2940 1978 2969 ubi
2003 2939 2052 2969 R2
2078 2940 2202 2969 habent

358 3005 411 3026 nec
436 2996 505 3025 rad.
533 2996 658 3034 quidem.
701 2996 767 3025 Neu
792 2997 880 3033 nulg.
917 2996 1012 3025 lectio
1050 3000 1098 3025 est
1123 2997 1319 3026 auctoritato
1344 2995 1483 3025 omnium
1508 2996 1600 3025 codd.
1627 2994 1757 3025 Horatii
1784 2997 1862 3026 satis
1889 3000 1959 3026 tuta
1984 3000 2081 3034 atque
2108 3006 2126 3025 a
2151 3005 2201 3026 me

360 3054 390 3081 in
420 3054 533 3081 lemma
559 3053 630 3082 ideo
650 3053 744 3083 etiam
764 3056 902 3090 recepta,
930 3053 1012 3089 quod
1032 3053 1137 3090 ipsum
1156 3053 1301 3082 scholion
1320 3053 1414 3082 istam
1436 3053 1627 3089 particulam
1653 3053 1792 3090 ignorat.
1845 3053 1899 3091 18)
1925 3053 2043 3082 fluuius
2068 3057 2100 3083 et
2118 3061 2201 3082 mons

359 3119 418 3138 oin.
438 3109 508 3137 MR.
525 3109 767 3146 51(1ll1'ae‚sl›1m'a.s
794 3112 822 3138 2.
851 3110 953 3138 Padus
981 3109 1032 3138 flu.
1060 3108 1122 3146 (rv.
1150 3109 1264 3139 fluuius
1283 3108 1353 3150 afli)
1382 3108 1507 3138 Galliae
1533 3110 1585 3138 sit.
1613 3109 1757 3139 Matinus
1783 3119 1873 3138 inons
1899 3109 2068 3139 Calabriae
2094 3109 2199 3139 rvafh.

361 3166 489 3204 (padus,
508 3165 585 3203 gall.
606 3165 669 3203 rv.)
690 3165 830 3194 Martinus
857 3174 939 3194 mons
958 3165 1019 3193 iani
1039 3166 1146 3194 dictus
1166 3170 1243 3203 erat,
1270 3165 1372 3203 padus
1399 3170 1507 3195 autem
1535 3167 1725 3196 notissimus
1752 3166 1875 3194 fluuius.
1927 3167 1984 3205 19)
2011 3160 2140 3208 αὔξησιν
2165 3175 2202 3195 rv

362 3223 514 3261 (utraque
549 3223 669 3260 absque
701 3222 781 3259 avc.)
808 3222 875 3251 afh.
903 3222 1037 3252 auxesin
1069 3222 1103 3251 M
1137 3223 1180 3259 (Q
1208 3223 1310 3262 ncgl.)
1345 3222 1488 3252 auxesim
1512 3221 1579 3251 RG.
1607 3223 1767 3252 exsecrari
1793 3221 1835 3251 M.
1862 3222 1931 3251 rell.
1959 3223 2109 3252 execrari.
