2283 3535
787 213 834 244 IN
861 213 992 245 neon.
1020 214 1115 245 xlv.
1822 205 1902 245 507

78 334 306 376 ablatiuum
339 334 496 375 dictum
528 337 671 376 arsisse
707 336 907 391 Bathyllo,
947 350 1039 375 cum
1074 334 1152 391 [et]
1194 335 1271 376 hoc
1309 350 1432 390 saepe
1470 337 1664 392 (semel?)
1713 338 1904 392 Verqz'lius

67 422 153 464 per
183 407 468 449 accusatiuum
500 407 672 448 dixerit:
715 409 975 449 I‘brmonsum
999 417 1144 463 pastor
1180 410 1367 464 Corydon
1399 411 1559 451 ardebat
1589 410 1749 451 Aleoein.

193 482 256 521 12.
290 496 367 522 non
401 482 498 522 eloh.
531 481 584 521 ml
607 482 760 536 pedem.
821 480 916 521 Hoc
948 480 1055 530 ideo,
1089 481 1200 535 quia,
1233 488 1276 521 ut
1307 496 1434 536 supra
1465 483 1735 532 ostendimus,
1782 483 1902 538 lyrici

77 561 238 609 poetae,
271 560 395 609 prout
424 554 538 603 libct,
572 554 771 608 cuiusque
802 568 948 594 uersus
979 553 1059 595 sibi
1090 554 1253 609 fingunt
1286 554 1516 609 (pe(lem?).

190 629 254 667 13.
286 629 418 668 ureris
449 629 530 683 ipse
561 629 692 668 miser.
765 626 1004 667 Maecenati
1045 628 1123 668 hoc
1160 626 1274 677 dicit,
1321 627 1420 682 quia
1451 634 1490 668 et
1532 628 1622 682 ipse
1660 628 1901 670 Terentiam

76 699 235 748 dilexit,
269 700 385 741 cuins
417 707 456 741 ct
487 715 613 755 supra
645 699 704 740 sic
735 699 924 740 meminit
955 699 1113 754 (Epod.
1151 699 1230 750 III,
1263 702 1359 753 21):
1409 702 1577 742 Manum
1603 702 1743 756 puello
1789 704 1903 743 sauio

79 781 253 829 opponat
284 782 350 815 luo
383 774 579 815 Extremo
611 781 646 814 et
675 777 717 813 in
747 773 901 828 sponda
933 774 1056 814 cubet.

191 847 366 888 11—15.
396 861 630 888 anzorem—
648 848 764 897 Quod
784 847 821 887 sa·
836 861 916 887 non
934 847 1070 902 pulch.
1094 848 1194 901 iqm's
1210 846 1400 888 Accendit
1422 848 1619 888 obsessam
1637 847 1741 889 Ilion
1762 848 1905 889 Gaude

75 928 180 961 sorte
203 929 284 961 lua.
344 919 394 960 In
425 920 625 961 honorem
657 919 919 960 Maecenatis
949 919 1210 976 gratificatur
1239 919 1407 961 laudem
1438 920 1676 970 Terentiae,
1713 920 1904 962 Helenae

76 1007 168 1034 eam
189 1007 450 1048 comparans.
487 992 583 1034 Hoc
605 999 740 1033 autem
764 993 839 1033 ait:
865 992 912 1033 Si
935 1008 1016 1034 non
1038 993 1116 1034 fuit
1135 992 1302 1034 Helena
1323 993 1565 1048 speciosior,
1597 994 1779 1034 iucunda
1800 994 1904 1035 haec

74 1066 244 1108 miseria
275 1074 347 1107 cst.
406 1065 461 1106 Et
486 1093 523 1097 --
554 1067 733 1108 accendit
767 1067 878 1107 Ilion.
940 1065 1012 1106 Ad
1031 1065 1154 1121 (Ast)
1177 1080 1350 1108 amorem
1372 1067 1508 1122 magis
1530 1067 1712 1121 pertinet
1741 1067 1795 1107 ad
1826 1066 1903 1122 ig-

74 1154 183 1189 nem,
231 1140 341 1194 quod
372 1138 502 1180 Troia
533 1146 716 1180 cremata
747 1146 820 1189 est,
852 1153 929 1180 nec
960 1139 1154 1181 inmerito
1185 1139 1350 1189 dicitur,
1394 1140 1492 1194 quia
1522 1140 1612 1194 ipse
1649 1155 1767 1181 amor
1803 1141 1903 1195 tynis

76 1213 180 1254 solet
210 1212 307 1254 dici.

190 1379 223 1417 1)
251 1384 283 1408 et
308 1379 354 1408 his
377 1378 449 1408 MR.
477 1383 508 1408 et
531 1378 589 1407 hiis
614 1389 638 1415 r,
677 1379 731 1417 qui
757 1382 829 1416 post
856 1379 945 1416 prius
971 1377 1099 1416 batlcyllo
1124 1388 1185 1408 om.
1213 1378 1364 1408 Adtende
1412 1397 1452 1400 —
1501 1380 1659 1419 bathyllo.
1685 1379 1755 1408 rell.
1783 1384 1814 1409 et
1837 1378 1903 1409 hoc.

75 1436 237 1465 omiserim
261 1439 296 1471 et,
334 1436 524 1473 particulam
551 1445 567 1463 a
586 1439 703 1464 -nostro
729 1435 797 1464 loco
829 1435 982 1463 alienam.
1016 1434 1132 1463 Ardere
1163 1443 1232 1463 cum
1258 1436 1443 1465 accusatiuo
1467 1436 1556 1464 semel
1583 1440 1722 1472 tantum,
1748 1438 1905 1474 quantum

76 1493 152 1529 scio,
179 1501 197 1520 a
214 1492 355 1529 Vergilio
381 1492 510 1521 dicitur.
559 1491 646 1520 Hinc
671 1491 829 1520 notabilis
855 1495 905 1520 est
929 1491 1026 1520 lectio
1053 1491 1086 1519 in
1111 1501 1144 1520 r:
1170 1500 1226 1529 per
1251 1501 1412 1530 ακουσιαν,
1439 1501 1518 1530 quae
1543 1502 1609 1521 uox
1634 1502 1673 1521 ne
1699 1492 1770 1521 soni
1796 1492 1905 1520 suaui-

74 1552 176 1579 tatem
201 1549 383 1587 significare
409 1550 510 1586 possit
547 1558 667 1578 uereor.
695 1558 751 1586 per
776 1547 853 1577 hanc
878 1557 1000 1577 causam
1024 1547 1059 1576 R.
1094 1548 1162 1578 rell.
1197 1558 1253 1586 per
1283 1548 1495 1578 accusatluum.
1528 1547 1626 1591 γΒφΟ
1656 1549 1740 1577 nihil
1770 1548 1810 1576 ad
1844 1557 1903 1577 em.

75 1605 179 1634 locum
203 1605 424 1634 contribuunt.
476 1605 510 1643 2)
536 1604 726 1634 formonsum
750 1603 795 1640 M,
821 1608 857 1633 ut
883 1604 916 1633 in
943 1604 1011 1633 loco
1037 1603 1153 1633 Lucilii
1179 1605 1219 1633 ad
1245 1606 1344 1635 schol.
1372 1604 1403 1636 S.
1430 1605 1454 1642 I,
1482 1606 1512 1642 3,
1542 1605 1622 1642 1253
1649 1605 1834 1640 formonsus3
1862 1603 1902 1633 cf.

74 1661 131 1699 IV,
161 1663 209 1690 13.
237 1662 273 1691 3:
300 1661 461 1691 formonsa.
489 1664 520 1690 et
546 1661 649 1699 Epod.
676 1660 717 1697 ΙΙ,
744 1661 802 1690 29:
829 1659 1069 1689 formosissimus.
1096 1661 1165 1690 rell.
1192 1660 1367 1691 formosum.
1384 1679 1423 1681 —
1439 1661 1547 1690 alexin
1572 1661 1656 1690 MR2
1683 1664 1716 1690 ut
1740 1660 1905 1689 Prisciani

77 1719 216 1756 exempl.
243 1719 314 1747 edd.
344 1718 395 1756 (in
420 1728 456 1747 a:
483 1717 505 1747 f.
533 1727 562 1756 p.
589 1728 614 1747 c.
641 1727 668 1747 a.
695 1718 739 1755 a.)
774 1721 804 1746 et
830 1722 909 1747 uett.
936 1718 1011 1746 libri
1038 1717 1131 1756 Verg.
1158 1719 1286 1747 alexim.
1312 1717 1393 1747 conf.
1419 1717 1473 1755 IV,
1501 1719 1530 1754 9,
1561 1718 1598 1746 13
1625 1722 1657 1747 et
1681 1717 1837 1746 Ribbeck.
1864 1716 1905 1746 ad

75 1775 190 1805 locum.
240 1775 275 1815 4)
301 1774 446 1812 cuiusque
471 1773 560 1803 MRG
586 1773 635 1814 (in
662 1774 825 1812 margine:
850 1774 1079 1812 quoscumque),
1106 1784 1152 1804 rv.
1178 1784 1382 1813 quoscumque
1408 1775 1438 1803 2.
1465 1773 1578 1812 cuique
1603 1773 1668 1803 afh.
1719 1773 1754 1811 6)
1782 1773 1905 1812 puellas

75 1832 145 1862 αιιίο
170 1822 305 1869 obponat
330 1830 374 1859 M.
439 1831 473 1869 8)
501 1830 595 1865 Quod
621 1831 647 1860 si
673 1840 703 1859 11.
729 1830 836 1868 pulch.
863 1831 906 1868 ig.
932 1831 1076 1860 ascendit
1104 1830 1251 1860 obsessam
1283 1831 1313 1859 d.
1347 1840 1378 1868 g.
1412 1840 1437 1861 s.
1469 1834 1525 1860 tua
1556 1825 1593 1859 Μι
1621 1830 1772 1869 (Halm).
1801 1847 1842 1850 ⁷--
1867 1830 1905 1859 In

74 1898 196 1918 onorem
212 1888 256 1917 M.
277 1888 476 1925 gratificatur
492 1887 664 1924 MRG‚afh.
692 1888 877 1926 gratificans
901 1897 947 1916 rV.
974 1887 1102 1917 laudem
1119 1886 1272 1924 MRG‚rv.
1293 1897 1352 1917 om.
1372 1886 1440 1916 afh.
1461 1896 1661 1924 comparans.
1688 1886 1755 1915 Hoc
1772 1886 1816 1915 M.
1836 1895 1905 1915 eam

77 1955 137 1975 om.
155 1946 183 1975 2.
228 1945 283 1984 10)
301 1945 465 1982 spatiosior
482 1944 516 1974 M
533 1941 684 1984 (Halm.)
703 1961 741 1965 —
757 1945 815 1973 ioe.
830 1954 876 1973 rv.
918 1944 973 1982 11)
988 1943 1043 1973 afli
1057 1944 1171 1973 lemma
1185 1953 1248 1973 non
1263 1944 1497 1979 distinxerunt,
1512 1944 1562 1972 cui
1576 1944 1747 1981 praeposui
1762 1952 1904 1972 amorem.

75 2001 129 2030 Ad
154 2010 290 2031 amorem
317 2002 422 2040 magis
447 2002 586 2039 pertinet
614 2000 655 2030 ad
678 2000 773 2040 iynem
797 2000 875 2040 quod
890 2000 961 2029 MR.
976 2001 1016 2029 ad
1042 2010 1102 2030 am.
1129 2010 1190 2030 ma.
1211 2001 1342 2039 pertinet
1363 2009 1428 2038 quo,
1456 2010 1515 2029 om.
1543 2000 1582 2029 ad
1601 2000 1710 2037 ignem
1726 1997 1905 2038 rth(G?).

80 2057 135 2096 12)
159 2057 200 2086 Et
223 2057 414 2095 particulam
440 2067 475 2086 ac
501 2058 617 2087 lemma
642 2058 681 2087 ab
708 2058 778 2095 ipso
803 2057 923 2086 scholio
950 2057 1092 2086 seiunxi.
1142 2057 1204 2087 Pro
1229 2057 1278 2086 Ad
1303 2057 1407 2086 scribe
1433 2058 1479 2094 At,
1506 2066 1586 2094 quae
1611 2066 1717 2093 uoces,
1744 2060 1779 2086 ut
1802 2056 1905 2094 adque

78 2117 109 2143 et
144 2118 248 2152 atque,
288 2123 349 2143 non
382 2124 451 2144 raro
478 2115 511 2143 in
537 2114 629 2144 codd.
657 2117 838 2150 occurrunt,
870 2123 934 2142 una
967 2123 1024 2151 pro
1060 2114 1164 2142 altera
1201 2114 1333 2151 scripta.
1364 2114 1503 2142 Amorem
1536 2117 1585 2142 est.
1610 2112 1739 2142 Horatii
1771 2113 1903 2142 uerbum

77 2180 107 2200 u.
135 2172 173 2200 11
200 2171 406 2209 praecedens.
432 2172 525 2200 Amor
550 2174 656 2200 autem
682 2180 744 2201 non
769 2171 838 2208 ipse
863 2180 950 2200 amor
975 2174 1101 2200 tantum
1127 2180 1211 2199 nunc
1237 2174 1297 2207 est,
1335 2170 1391 2199 sed
1425 2170 1522 2209 mayis
1545 2169 1675 2208 pertinet
1698 2168 1740 2198 ad
1761 2168 1859 2208 ignem
1883 2169 1904 2199 i.

78 2237 104 2257 e.
130 2228 315 2257 incendium
346 2245 381 2248 —
408 2225 484 2256 cur?
522 2227 592 2257 ideo
617 2227 695 2267 qnod
717 2227 814 2258 Troia
846 2230 987 2256 cremata
1019 2230 1077 2256 est.
1125 2226 1188 2255 Hic
1219 2226 1360 2264 simplex
1395 2226 1512 2255 scholii
1547 2235 1660 2254 sensus
1695 2229 1754 2255 est.
1801 2225 1906 2254 Aliter

78 2283 105 2320 Q
130 2293 159 2322 p.
186 2283 338 2313 XXXIV:
365 2284 405 2313 ad
431 2293 569 2313 amorem
595 2284 698 2321 magis
723 2283 864 2321 pertinet
888 2293 977 2321 quam
1002 2283 1042 2311 ad
1068 2283 1176 2321 ignem
1200 2292 1256 2321 quo
1281 2287 1340 2311 etc.
1390 2281 1453 2311 Sed
1479 2282 1602 2320 duplex
1619 2281 1696 2321 2⁴9an
1711 2291 1741 2311 u.
1761 2283 1904 2320 acceptio

77 2344 205 2379 praesto
229 2341 341 2379 utique
368 2345 427 2370 est.
476 2341 618 2379 Namque
644 2350 730 2370 amor
755 2345 804 2370 est
830 2340 928 2378 ignis,
967 2344 1063 2378 atque
1087 2339 1165 2378 z'ynz's
1191 2343 1222 2369 et
1246 2339 1430 2369 incendium
1456 2342 1487 2367 et
1513 2348 1600 2368 amor
1624 2337 1795 2376 (pulchrior
1817 2338 1904 2378 v‘ym's.

78 2396 187 2435 puella
211 2396 326 2425 helena
350 2395 418 2439 Βφ)
457 2399 568 2425 nostro
594 2396 662 2426 loco
688 2396 865 2433 accipiatur
898 2404 1030 2424 necesse
1056 2399 1116 2424 est.
1141 2394 1223 2424 conf.
1252 2404 1332 2432 quae
1359 2395 1399 2424 ad
1423 2394 1496 2424 Aer.
1524 2394 1637 2424 adtuli.
1668 2412 1703 2415 —
1733 2395 1764 2423 in
1790 2396 1905 2424 merito

80 2452 108 2483 G
134 2456 177 2491 et,
201 2458 283 2483 teste
309 2452 335 2488 Q
358 2454 377 2482 l.
404 2453 436 2490 l.⁷
462 2452 493 2481 M
518 2453 639 2491 (inuh).
666 2453 776 2482 <licitur
800 2452 871 2481 MR.
898 2451 970 2481 dicit
992 2462 1017 2481 r.
1044 2452 1113 2482 rell.
1139 2461 1199 2481 om.

1933 1004 1971 1035 10
