2283 3535
344 156 508 199 XXVI
925 170 1160 203 ADDENDA
1183 172 1244 204 ET
1271 156 1592 207 CORRIGENDA.

344 300 441 337 pag,
467 295 529 324 411
556 300 668 328 uers.
704 295 743 324 18
768 295 834 334 lege
870 296 1034 334 signorum
1088 306 1224 328 marmo-
1292 304 1388 341 pag.
1414 300 1479 329 487
1503 306 1614 335 uers.
1640 302 1681 331 33
1707 301 1772 341 lege
1795 299 1917 333 συνεκὸ.
1953 311 2015 342 pro
2058 313 2096 335 συ
2132 321 2176 326 -

480 360 605 381 reorum
623 360 685 389 pro
709 351 876 382 sinnorum
900 361 1111 382 marmOl'eunl
1793 355 1876 389 vex&-

463 408 527 437 412
553 413 665 440 uers.
713 407 733 436 4
757 407 819 447 lege
842 411 938 437 natus
956 418 1017 446 pro
1043 412 1135 438 natas
1330 418 1340 422 ·
1411 401 1477 431 488
1559 420 1572 424 -
1644 403 1684 432 36
1734 421 1746 425 -
1794 406 1883 441 petas
1903 414 1962 442 pro
1985 408 2077 443 petar

464 463 528 493 420
611 482 625 486 -
699 464 736 492 19
786 483 799 486 -
846 464 1039 494 dicebantur
1091 463 1227 501 Sulpicii
1331 473 1344 478 -
1426 476 1467 480 -
1561 474 1575 480 -
1670 460 1687 487 7
1737 477 1750 481 -
1797 459 1882 489 Noto
1899 469 1962 498 pro
1984 463 2060 490 noto

482 517 622 548 Galbae-
646 518 717 549 Illic
741 519 852 549 uinum
884 521 980 550 condi
1005 524 1227 550 consueuerat.
1330 530 1344 535 -
1425 530 1466 533 Ἦ
1561 531 1574 536 -
1668 515 1686 544 9
1736 533 1749 537 -
1769 511 1933 559 Ἀναφορὰ
1943 512 2178 560 ΡνοἈναφορά

463 575 527 605 426
553 580 665 609 uers.
692 575 732 605 28
758 575 819 615 Zeye
844 575 901 612 ΙΙΙ,
922 577 952 612 3,
971 577 1012 606 54
1024 586 1087 615 pro
1102 576 1161 613 ΙΙΙ,
1177 576 1228 606 54.
1331 585 1344 590 -
1428 585 1467 588 —
1561 587 1574 592 -
1647 570 1688 599 38
1738 589 1750 593 —
1798 571 1867 601 Hac
1880 572 1940 601 ode
1953 581 2015 610 pro
2033 572 2102 603 Hoc
2119 573 2178 603 ode

463 631 528 661 433
610 650 624 654 -
694 632 736 661 34
784 650 797 654 -
845 633 1017 669 praeterito
1042 641 1104 671 pro
1136 642 1228 671 prae·
1332 641 1345 646 ·
1426 641 1468 644 fl
1561 644 1574 648 -
1645 626 1684 655 41
1736 644 1750 648 -
1797 628 1979 666 opprimant
2017 628 2082 672 Βφ.
2115 638 2179 668 pro

843 689 942 718 torito
1798 684 1992 722 opprimant.

464 744 527 773 437
611 762 625 766 -
697 744 738 772 22
787 761 799 765 -
849 743 920 773 Liu.
943 753 1003 782 pro
1027 744 1100 775 Lin.
1332 755 1345 759 -
1427 754 1469 757 -
1563 756 1576 761 -
1647 738 1687 767 39
1736 757 1749 760 -
1796 749 1912 770 nauem
1948 745 2098 779 pergeret
2138 742 2179 771 ad

465 800 529 829 439
612 818 626 822 ,
698 800 738 829 30
788 817 800 822 „
849 809 930 838 quae
949 810 1012 838 pro
1037 810 1114 839 qaee
1433 794 1648 824 transmarina
1678 795 1749 825 loca
1773 796 1858 826 sicut
1890 806 2007 827 nauem
2031 806 2094 836 qua
2119 801 2179 828 etc.

464 856 528 886 440
612 874 625 878 -
696 856 737 885 37
785 874 798 878 -
847 854 1066 894 Salubrespro
1081 856 1230 886 Salabres
1335 869 1346 874 -
1415 850 1480 879 489
1504 856 1616 884 uers.
1664 852 1684 880 4
1708 851 1771 891 leye
1794 851 1907 891 (Verg.
1928 863 1988 892 pro
2011 853 2110 891 Verg.

464 911 528 940 441
612 930 625 934 -
695 911 737 941 43
786 931 799 934 -
847 911 957 941 Ambr.
978 921 1040 951 pro
1062 911 1162 941 Aubr.
1334 925 1347 929 -
1430 924 1471 926 ἠ
1566 925 1578 929 -
1652 907 1691 936 16
1740 926 1753 931 -
1800 907 2018 949 (laborem‘?)‚
2052 910 2180 949 qualem

466 967 530 996 460
613 985 626 990 -
698 968 740 997 38
789 986 802 990 -
849 977 951 1006 genus
970 977 1033 1007 pro
1057 977 1147 1006 gems
1790 974 1853 1002 pro
1871 964 2066 1005 (laborem?)
2097 967 2173 1005 qual

467 1024 531 1052 470
615 1041 630 1046 -
702 1024 740 1052 19
790 1041 803 1046 -
852 1033 900 1062 eq,
923 1033 981 1063 pro
1005 1034 1054 1062 eq,
1335 1037 1348 1041 -
1418 1019 1483 1049 490
1567 1038 1579 1042 -
1651 1020 1691 1049 29
1742 1039 1754 1043 -
1780 1023 2076 1061 crasa.praedapro
2090 1032 2182 1054 erasa

467 1080 531 1109 472
615 1098 628 1102 -
700 1079 741 1109 30
790 1097 802 1102 -
850 1081 990 1118 pupulae
1008 1089 1070 1119 pro
1094 1079 1231 1118 populae
1798 1079 1918 1115 praeda

464 1135 529 1165 475
611 1154 624 1159 -
696 1136 737 1165 29
787 1155 800 1159 -
847 1136 867 1165 i.
900 1136 1044 1166 dolenter
1071 1145 1131 1175 pro
1163 1136 1231 1166 ido-
1336 1150 1348 1154 -
1430 1148 1472 1151 -
1567 1149 1579 1153 -
1652 1132 1693 1161 32
1742 1151 1755 1155 -
1802 1136 2053 1172 tempestatibus
2088 1146 2151 1176 pro

844 1192 950 1223 lenter
1798 1192 2049 1229 tempestitabus

461 1248 526 1277 480
610 1266 623 1270 -
693 1249 736 1277 40
785 1267 798 1271 -
846 1249 915 1278 cod.
934 1257 997 1287 pro
1022 1248 1113 1278 codd.
1335 1262 1348 1266 -
1418 1243 1481 1273 491
1566 1262 1579 1266 -
1650 1245 1691 1274 23
1741 1264 1754 1268 -
1800 1243 1899 1282 τόπος
1918 1257 1979 1286 pro
2002 1257 2103 1285 τοπος

465 1304 529 1333 481
613 1321 627 1325 -
720 1304 738 1334 5
788 1323 801 1327 -
823 1305 1046 1343 inliteratipro
1055 1303 1229 1333 inlitterati
1335 1318 1347 1322 -
1429 1317 1471 1320 —
1565 1318 1578 1322 -
1648 1301 1690 1331 45
1739 1320 1752 1325 —
1778 1300 2181 1343 C-petiumpronetium

477 1376 519 1381 ..-
613 1379 627 1383 -
698 1360 740 1389 24
789 1379 802 1384 -
849 1360 1040 1402 (plumatiis
1070 1360 1106 1399 r)
1172 1369 1230 1398 pro
1334 1374 1346 1378 -
1416 1356 1482 1386 492
1565 1374 1577 1379 -
1650 1357 1690 1386 23
1738 1375 1750 1379 -
1798 1362 1835 1388 ut
1859 1359 1891 1388 K
1906 1359 2018 1390 Ambr.
2036 1360 2130 1392 Fran.
2150 1366 2182 1392 et

846 1415 1031 1457 (plumatiis
1055 1426 1081 1445 r.
1797 1424 1877 1445 rece.
1902 1416 2045 1454 plurimi.

478 1490 518 1495 —
613 1491 626 1496 -
697 1474 738 1502 26
787 1492 800 1496 -
848 1474 968 1511 scripta
1013 1482 1072 1511 pro
1119 1472 1230 1502 scribit
1335 1488 1347 1492 -
1428 1486 1469 1489 —
1563 1485 1576 1490 —
1649 1469 1690 1499 37
1739 1489 1753 1492 -
1799 1480 1834 1512 γε
1860 1473 1967 1510 arguit
1987 1482 2047 1511 pro
2071 1474 2183 1512 arguit

477 1547 520 1551 —
614 1547 627 1552 -
698 1530 739 1559 33
789 1549 802 1552 -
850 1538 912 1559 non
930 1538 993 1567 pro
1017 1538 1082 1558 nou
1334 1543 1346 1547 -
1417 1526 1482 1555 496
1566 1544 1578 1547 -
1650 1526 1692 1554 24
1740 1545 1754 1549 -
1802 1525 1849 1564 (u.
1885 1529 1921 1558 9:
1961 1529 1995 1559 in
2026 1530 2182 1560 domitam

477 1603 519 1607 —-
612 1604 626 1609 -
697 1586 738 1616 35
788 1604 801 1608 -
849 1589 1015 1624 amputare
1035 1594 1094 1623 pro
1118 1593 1229 1623 ampu-
1796 1588 1947 1622 properat

845 1642 912 1672 lare
1334 1656 1347 1660 -
1418 1637 1482 1667 496
1565 1655 1578 1659 —
1650 1639 1690 1668 26
1739 1657 1752 1661 -
1799 1639 1895 1670 dietis
1923 1644 1980 1671 aut
1997 1644 2083 1672 certe
2099 1642 2182 1673 indis

478 1716 520 1719 —
614 1717 627 1722 -
699 1699 739 1729 39
790 1718 802 1722 -
850 1698 962 1738 frigidi
980 1708 1043 1737 pro
1067 1698 1184 1737 frigido
1740 1695 1982 1735 A2‚ruerbabis
1991 1699 2183 1736 positasunt

465 1755 530 1785 483
614 1773 627 1778 —
699 1755 741 1785 22
789 1774 802 1778 -
849 1755 1155 1794 Repositumpro
1169 1755 1230 1785 Re-
1334 1771 1347 1776 -
1417 1753 1482 1782 499
1565 1770 1579 1774 -
1650 1753 1690 1782 20
1740 1771 1753 1775 -
1802 1762 1871 1783 eras
1891 1763 1953 1793 pro
1979 1758 2047 1785 erat

846 1813 987 1850 positum
1335 1827 1348 1832 -
1431 1827 1472 1830 ——
1567 1827 1580 1832 -
1652 1808 1692 1838 21
1742 1827 1755 1831 -
1803 1809 1936 1847 excidit,
1963 1820 2107 1851 cumpro
2124 1820 2182 1842 ex-

478 1884 518 1889 -——
613 1886 626 1891 -
697 1869 739 1898 37
788 1887 801 1891 -
849 1867 903 1912 Βφ
923 1878 982 1907 pro
1006 1868 1066 1911 Μφ
1800 1867 1879 1896 cidit
1907 1877 1979 1897 cum

467 1924 532 1954 484
615 1943 628 1947 -
698 1924 739 1955 25
789 1944 801 1948 -
849 1933 976 1955 muscas
1013 1928 1044 1954 et
1081 1923 1141 1953 cul.
1171 1932 1231 1962 pro
1335 1939 1347 1945 -
1429 1940 1470 1942 -—
1564 1939 1576 1944 —
1647 1924 1688 1952 36
1738 1941 1751 1945 -
1799 1923 1992 1954 salacissimi
2009 1933 2072 1963 pro
2089 1934 2167 1964 saga

846 1991 970 2012 muscas
996 1984 1028 2011 et
1053 1984 1085 2010 et
1110 1981 1170 2010 cul.
1798 1979 1918 2009 cissimi

480 2054 522 2057 ——
701 2038 742 2067 30
792 2056 805 2060 -
852 2038 958 2068 adhuc
976 2046 1040 2076 pro
1065 2037 1105 2066 ad
1129 2037 1192 2066 huc
1333 2052 1347 2056 -
1419 2035 1482 2065 502
1566 2054 1579 2058 -
1650 2035 1692 2065 42
1741 2035 2182 2075 -tristitiaeprotristristiae

478 2110 521 2113 ——
699 2111 741 2114 —
790 2113 802 2117 -
850 2094 891 2123 ad
908 2103 1061 2124 cesarem.
1080 2093 1151 2135 Βφε
1171 2101 1232 2131 pro
1336 2110 1350 2114 -
1421 2092 1485 2122 504
1568 2110 1581 2114 -
1652 2092 1693 2121 38
1742 2110 1755 2114 -
1803 2092 2055 2132 Laublingensis
2076 2103 2138 2133 pro

847 2151 887 2180 ad
912 2159 1054 2180 cesarem
1078 2150 1150 2192 Βφε
1939 2149 2182 2189 Laublinginsis

481 2223 521 2226 Η
614 2223 626 2228 -
698 2206 740 2235 32
789 2225 802 2229 -
849 2206 935 2235 hunc
968 2216 1028 2237 om.
1057 2215 1116 2246 pro
1147 2206 1232 2235 hunc
1336 2223 1348 2226 -
1421 2204 1483 2234 506
1569 2223 1582 2227 -
1654 2205 1695 2234 23
1744 2223 1756 2227 -
1804 2205 1971 2236 Maecenas
2014 2215 2074 2245 pro
2112 2206 2182 2236 Ma-

847 2272 931 2293 omn.
1799 2271 1914 2292 coenas

480 2336 521 2339 —
614 2336 627 2340 -
699 2318 740 2348 34
789 2338 801 2342 -
849 2319 1024 2349 certamina
1042 2328 1104 2357 pro
1129 2321 1232 2348 certa·
1336 2335 1347 2340 -
1431 2334 1473 2338 —
1567 2336 1580 2340 -
1651 2317 1691 2347 26
1742 2336 1754 2340 -
1803 2319 1910 2348 exurit
1938 2320 2095 2350 amanteis
2121 2328 2183 2358 pro

846 2376 934 2405 mine
1801 2375 1920 2414 exurit,
1946 2385 2008 2405 am.

481 2448 521 2451 --
617 2450 629 2453 -
702 2431 742 2461 35
792 2450 805 2454 -
853 2432 928 2460 add.
966 2432 1063 2460 boues
1093 2439 1155 2469 pro
1190 2430 1231 2459 ad
1336 2448 1348 2452 -
1421 2430 1484 2460 507
1569 2448 1581 2452 —
1652 2431 1692 2459 26
1744 2448 1756 2452 -
1808 2429 1864 2470 11)
1882 2440 1943 2469 pro
1971 2431 2027 2471 12)

849 2487 945 2517 boues
1335 2504 1349 2509 -
1419 2486 1483 2516 512
1566 2505 1579 2509 -
1650 2487 1690 2516 21
1740 2486 1876 2523 -literis‚
1892 2487 1993 2517 scribe
2000 2488 2182 2526 proliteris.

480 2560 522 2563 --
616 2560 629 2565 -
699 2543 739 2572 41
791 2562 803 2566 -
852 2552 923 2573 eum
940 2552 1004 2581 pro
1029 2552 1099 2572 cum
1778 2543 1881 2572 scribe

468 2599 533 2629 485
617 2617 630 2621 -
723 2599 742 2627 8
791 2617 803 2622 -
852 2600 992 2629 incertus
1018 2596 1166 2639 (fertul·?)
1336 2616 1347 2620 —
1420 2598 1483 2627 516
1568 2617 1580 2622 -
1651 2599 1692 2628 26
1741 2617 1751 2621 -
1801 2600 1827 2628 si
1852 2608 1932 2629 vous
1957 2599 2041 2638 plait

480 2672 522 2675 —
615 2672 628 2676 -
698 2655 740 2685 45
790 2675 802 2678 -
850 2656 888 2685 dc
913 2665 973 2685 om.
993 2664 1056 2694 pro
1081 2655 1183 2684 deom.
1337 2673 1348 2676 -
1420 2655 1483 2684 519
1566 2672 1579 2676 -
1650 2656 1691 2685 32
1741 2673 1752 2678 -
1800 2655 1851 2698 Βφ
1876 2657 1937 2685 bis.
1963 2656 2069 2686 oliuae

468 2712 532 2741 486
617 2729 629 2733 —
701 2711 741 2741 25
791 2731 804 2735 -
852 2712 1041 2749 exsequitur
1089 2711 1231 2749 turpitu-
1337 2729 1348 2733 -
1431 2730 1462 2731 ff
1566 2728 1578 2733 -
1650 2712 1690 2740 38
1740 2730 1752 2733 -
1801 2714 1918 2742 natura
1941 2722 2035 2751 sugg.

848 2768 955 2798 dinem
986 2776 1046 2805 pro
1082 2767 1231 2806 exsequi-
1337 2786 1348 2790 -
1420 2768 1484 2797 523
1568 2786 1580 2790 -
1652 2768 1693 2797 28
1741 2785 1753 2789 -
1801 2768 1926 2805 adspici

848 2827 901 2854 tur
925 2828 1010 2862 turp.
1338 2842 1349 2846 -
1422 2825 1484 2853 526
1570 2843 1582 2847 -
1678 2826 1694 2854 9
1745 2842 1757 2846 -
1805 2824 1979 2862 aliquando
2020 2834 2080 2863 pro
2122 2824 2181 2854 ali-

470 2880 533 2908 486
617 2898 629 2902 -
701 2880 742 2909 33
791 2898 804 2902 -
853 2880 927 2910 libri
946 2890 1008 2919 pro
1033 2880 1090 2910 libi
1801 2881 1926 2918 quande

464 3013 560 3056 Non
591 3016 734 3057 omnia
764 3022 901 3058 errata
931 3032 956 3058 a
985 3031 1051 3058 me
1074 3032 1163 3058 esse
1194 3023 1336 3058 notata
1368 3017 1473 3058 benc
1495 3017 1606 3059 noui.
1659 3018 1900 3073 Operarum
1923 3017 2035 3059 enim
2057 3017 2181 3072 culpa

351 3101 547 3129 uersuum
589 3089 775 3140 numeri,
822 3090 894 3145 qui
940 3090 993 3131 ab
1034 3089 1085 3132 iis
1121 3090 1273 3132 mutari
1314 3089 1547 3141 debebant,
1593 3090 1770 3133 subinde
1801 3104 2025 3146 perperam
2055 3090 2180 3145 positi

353 3168 569 3215 apparent.
635 3160 855 3216 Frequens
901 3163 1027 3205 etiam
1065 3163 1240 3205 offendit
1275 3162 1557 3205 inconstantia
1593 3163 1637 3205 in
1676 3163 1902 3218 scriptione
1940 3163 2178 3212 verborum,
