2283 3535
301 159 467 202 XXIV

440 307 511 334 one,
549 298 632 336 quod
669 302 774 328 ortum
810 298 943 327 uidetur
973 306 1015 326 ex
1048 297 1182 328 Horatii

436 354 534 383 uerbo
548 354 753 392 ‘excipiebat’
769 354 922 392 proposui
935 363 1032 383 aurae
1045 354 1182 391 recepti-

439 419 500 439 one
539 409 620 448 (non
657 411 888 448 receptionem,
924 414 960 438 ut
986 419 1017 438 u.
1044 410 1084 438 32
1111 418 1183 446 per-

434 474 544 503 peram
578 467 662 503 inpr.
702 467 776 505 est).
814 465 943 496 Nomini
981 465 1182 503 exceptione,

435 523 519 560 quod
545 532 610 553 11011
634 526 740 560 potest
766 521 897 551 defendi
931 522 1010 550 locis
1043 524 1079 550 ut
1114 520 1181 550 Cic.

433 577 522 608 Verr.
548 578 588 615 V,
614 579 674 608 45:
705 579 855 617 spiritum
873 588 926 608 ore
944 577 1104 615 excipere,
1129 577 1183 607 uel

441 635 645 672 ‘captatione’
672 634 918 672 praeferendum
944 638 1004 663 est.
1045 633 1183 662 Haurire

436 700 541 720 aerem
566 691 701 721 liberum
728 690 918 728 (Scheller.)
949 699 1015 719 non
1046 690 1182 719 latinum

437 751 499 776 est.
527 756 665 784 namque
690 755 817 785 aquam,
856 747 969 783 lucem,
1007 755 1095 783 spem
1119 746 1183 776 Ro-

436 804 523 832 mani
540 803 745 840 hauriebant,
774 813 837 833 non
855 804 934 832 item
953 803 1088 840 caelum,
1116 804 1182 841 spi-

433 861 543 896 ritum,
580 868 691 888 auram
716 859 808 887 aeris.
834 858 917 888 conf.
943 858 1040 897 Verg.
1080 858 1118 889 G.
1154 859 1181 896 I,

433 917 517 945 376:
544 916 689 952 captauit
714 915 842 944 naribus
869 924 976 946 auras.

296 978 391 1014 pag.
418 973 482 1001 215
508 977 619 1004 ueI’S.
669 972 687 1001 2
712 971 774 1011 leye
798 980 880 1009 pone
905 980 1004 1001 uncos
1025 970 1182 1010 [denique

792 1037 853 1066 pro
890 1026 1054 1066 uisentur]
1096 1026 1180 1057 conf.

802 1084 922 1114 Acron.

419 1140 483 1169 223
568 1158 580 1162 -
651 1140 693 1168 44
742 1158 755 1162 -
803 1140 985 1177 capricorno
1027 1149 1090 1178 pro
1131 1150 1181 1170 ca-

798 1197 970 1234 priciorno.

431 1268 475 1271 —-
570 1270 582 1273 -
654 1252 694 1281 32
744 1270 756 1274 -
804 1252 893 1282 odori
914 1262 975 1290 pro
999 1253 1068 1282 odri

421 1308 484 1337 226
570 1327 582 1330 -
654 1308 695 1337 37
744 1326 756 1330 -
804 1317 845 1337 ex
865 1318 926 1346 pro
951 1318 986 1338 ec

415 1364 480 1393 232
564 1382 577 1386 -
649 1364 691 1393 32
739 1382 752 1386 -
800 1366 963 1395 cantando
995 1375 1054 1404 pro
1091 1375 1166 1396 can-

795 1421 897 1450 tandu

415 1476 479 1505 236
562 1494 575 1498 -
648 1478 687 1506 18
737 1495 750 1499 -
797 1477 913 1506 lemma
920 1486 984 1515 pro
1001 1487 1103 1508 emma
1120 1478 1181 1518 leye

797 1533 830 1562 in
850 1542 909 1570 pro
934 1534 965 1563 io

414 1588 478 1617 237
562 1605 574 1609 -
646 1588 686 1616 21
737 1606 749 1610 -
796 1592 831 1617 ut
850 1598 913 1626 pro
936 1590 970 1618 ui

415 1644 478 1673 238
563 1663 575 1668 -
646 1645 687 1673 43
738 1662 750 1666 -
799 1644 972 1675 cohibebor
990 1656 1052 1684 pro
1077 1656 1146 1686 cog.

418 1700 482 1729 239
566 1718 579 1722 —
674 1701 692 1729 6
742 1719 755 1722 -
803 1710 868 1730 non
887 1710 950 1739 pro
975 1712 1043 1732 ron.

427 1773 469 1776 —
563 1774 576 1778 -
648 1757 689 1785 40
740 1775 752 1779 -
800 1755 959 1795 Suringar
977 1768 1039 1796 pro
1064 1758 1152 1789 Surr.

414 1812 478 1841 240
562 1831 575 1835 -
671 1813 687 1842 5
738 1832 750 1835 -
800 1812 907 1843 Sacris
945 1823 1009 1843 11011
1047 1816 1178 1853 initiati,

797 1871 852 1908 qui
896 1869 1008 1900 fanum
1057 1873 1180 1902 intrare

796 1936 860 1956 non
879 1931 1031 1965 poterant
1048 1938 1112 1966 pro
1130 1938 1179 1958 sa-

794 1983 857 2012 cris
883 1993 948 2013 11011
973 1988 1127 2021 poterant

417 2038 479 2067 241
566 2055 578 2058 -
672 2039 690 2067 8
740 2057 753 2060 -
801 2039 919 2076 quibus
945 2040 986 2069 ad.
1003 2041 1106 2070 uitam
1118 2050 1180 2078 pro

796 2095 913 2133 quibus
942 2096 1044 2125 uitam

431 2167 472 2171 ——
565 2168 578 2172 -
652 2152 690 2181 15
741 2169 753 2174 -
801 2150 980 2181 tremefecit
998 2160 1062 2190 pro
1078 2155 1180 2182 treme

796 2207 875 2236 fecit

415 2263 477 2292 243
562 2281 574 2285 -
646 2264 687 2292 42
737 2282 749 2286 -
796 2263 864 2292 AR.
884 2273 945 2301 pro
969 2257 1133 2293 AR.‘AR.

416 2318 479 2348 245
564 2338 576 2342 -
649 2320 690 2348 27
739 2338 750 2342 -
800 2319 960 2350 sollicitat
990 2330 1052 2358 pro
1089 2320 1179 2350 solli-

798 2376 879 2405 bitat

418 2431 481 2461 246
566 2450 578 2453 -
650 2432 691 2460 24
740 2450 752 2454 -
800 2432 979 2470 imperium.
1036 2431 1080 2461 Et
1128 2432 1178 2461 ad.

430 2487 607 2518 Difficillor
619 2488 724 2517 altera
741 2497 830 2525 pars:
852 2492 881 2518 et
895 2497 952 2526 per
965 2488 1024 2518 hoc
1037 2488 1180 2518 ostendit

433 2545 523 2582 uulg.
550 2544 646 2574 lectio
672 2543 769 2579 ath.
795 2545 847 2574 bis
875 2554 949 2581 ergo
982 2553 1036 2582 per
1060 2545 1120 2574 hoc
1146 2545 1180 2573 in

434 2610 499 2630 uno
517 2600 637 2630 scholio
656 2605 752 2638 atque
771 2601 886 2630 iterum
904 2602 1072 2639 sequentis
1091 2601 1179 2639 prin-

433 2657 525 2694 cipio.
553 2660 583 2686 et
608 2657 817 2695 philosophos
843 2661 893 2688 est
918 2661 974 2686 etc.

415 2713 478 2742 246
505 2718 615 2745 uers.
643 2714 683 2743 31
711 2713 771 2752 lesse
796 2722 879 2751 gem.
898 2714 948 2742 lit.
967 2722 997 2742 111
1011 2713 1179 2750 habetpro

795 2777 878 2806 gem.
906 2769 1011 2798 habet.

417 2825 480 2854 247
563 2842 575 2846 -
647 2826 689 2853 36
739 2842 749 2846 -
798 2825 1030 2862 Vidclicetpro
1047 2824 1177 2854 Vindel.

416 2881 479 2909 248
562 2898 574 2901 -
647 2881 689 2909 22
738 2898 751 2902 -
797 2879 1040 2918 facilioremque
1053 2890 1112 2919 pro
1130 2881 1177 2911 fa-

796 2937 1006 2974 citioremque

414 2992 477 3021 249
562 3011 574 3015 -
647 2993 688 3021 30
738 3010 749 3014 -
799 2992 1091 3032 assiduitatempro
1101 2994 1177 3023 assi-

792 3048 975 3079 diuidatem

414 3103 478 3132 250
561 3120 574 3123 -
645 3103 686 3133 33
735 3121 747 3125 -
795 3105 1014 3143 usurpabatur

415 3159 479 3188 254
563 3177 576 3182 -
646 3159 687 3188 33
737 3177 749 3182 -
797 3160 899 3190 undas
917 3170 979 3199 pro
1004 3161 1107 3190 nudas

882 171 1117 204 ADDENDA
1141 172 1202 204 ET
1226 171 1546 205 CORRIGENDA.

1369 354 1432 383 255

1372 594 1436 1045 ῑιΞιῑΙιιι

1369 1081 1434 1110 263

1371 1137 1434 1167 265

1369 2038 1431 2067 267

1369 2207 1432 2237 269

1367 2321 1431 2350 271

1368 2433 1432 2463 272

1369 2603 1433 2631 277

1368 2659 1431 2688 279

1365 2770 1429 2800 280

1366 2994 1428 3024 286

1364 3106 1427 3134 288

1252 303 1347 340 pag.
1374 299 1438 328 254
1463 304 1576 333 uers.
1601 300 1640 328 41

1621 356 1640 383 2

1602 411 1642 440 23

1602 578 1642 607 29

1600 803 1641 832 39

1598 1362 1703 1391 42-

1596 1475 1700 1505 45-

1601 1589 1640 1617 13

1602 1757 1705 1786 27-

1601 1925 1703 1955 29-

1601 2039 1704 2067 24-

1601 2095 1703 2124 37-

1600 2207 1640 2236 36

1597 2321 1700 2350 29-

1599 2434 1639 2463 20

1598 2546 1638 2575 26
1687 2565 1700 2569 -

1623 2603 1641 2632 8
1689 2618 1701 2622 -

1600 2659 1641 2688 24
1690 2677 1703 2681 -

1593 2716 1634 2745 40
1684 2734 1697 2738 -

1597 2772 1637 2801 35

1598 2883 1700 2912 26-

1585 2995 1689 3025 32-

1597 3108 1635 3137 19

1691 317 1704 321 -
1752 300 1861 329 01115115
1878 309 1941 338 pro
1965 301 2074 331 enisus

1689 375 1702 379 -
1748 356 1884 386 uirtutis
1902 366 1965 395 pro
1998 357 2130 387 uirtulis

1692 429 1706 433 —
1753 411 1840 441 inter
1857 421 1920 450 pro
1944 413 2030 442 idter

1690 486 1703 490 -
1749 467 1922 498 Herculem
1950 478 2013 507 pro
2047 468 2132 498 Her-

1749 523 1855 553 culum

1691 597 1704 601 -
1750 580 1874 609 numini

1602 635 1644 663 33
1692 653 1705 658 -

1603 691 1645 720 34
1694 709 1707 713 -

1603 746 1643 775 36
1693 765 1706 769 -

1753 635 1856 664 animi

1754 692 1869 721 martis

1755 746 1792 782 Q.
1818 731 1874 785 pro
1893 755 1955 785 pro
1978 746 2006 783 Q
2029 755 2087 785 pro

1691 822 1704 825 -
1750 803 1799 833 lit.
1821 812 1881 841 pro
1904 803 1957 832 tit.

1600 859 1643 887 43
1692 877 1705 881 -

1604 914 1646 944 23
1694 933 1707 937 -

1605 971 1645 1000 29
1694 990 1707 993 -

1600 1027 1642 1056 40
1692 1045 1705 1049 -

1622 1083 1641 1111 8
1690 1101 1703 1105 -

1604 1139 1644 1167 26
1694 1157 1707 1161 -

1753 863 1913 889 caeterum

1754 915 1849 944 fessis

1755 971 1896 1001 deletum

1755 1025 1810 1066 15)
1828 1035 1890 1065 pro
1918 1027 1974 1066 16)

1751 1082 1872 1112 discere
1890 1091 1952 1121 pro
1976 1082 2084 1112 dicere

1754 1139 1979 1177 appellabatur
1999 1148 2058 1177 pro
2097 1146 2103 1147 ⁷

1751 1195 1953 1233 apellabatur

1694 1269 1706 1273 -
1754 1254 1946 1289 peruetusta
1975 1260 2038 1290 pro
2077 1260 2134 1289 per

1750 1311 1882 1337 uetusta

1750 1363 1871 1392 ADEP
1879 1362 1976 1392 Fran.
1995 1363 2133 1401 aliisque

1726 1428 1786 1457 pro
1799 1418 1913 1448 AFEP
1929 1419 2026 1449 Fran.
2041 1419 2130 1457 aliiq.

1769 1485 1806 1505 ac
1831 1476 1993 1506 uetustior
2010 1484 2074 1514 pro
2099 1478 2133 1505 at

1748 1532 1911 1562 uetustior

1688 1607 1701 1611 -
1747 1588 1952 1626 totidemque

1600 1644 1641 1673 22
1690 1662 1703 1667 -

1751 1644 1885 1681 solebat,
1922 1644 1993 1673 uel:
2033 1643 2118 1682 quod

1742 1709 1805 1738 pro
1831 1701 1969 1738 solebat,
1994 1700 2079 1739 quod

1753 1757 1808 1795 qui
1847 1760 1979 1795 propter
2002 1757 2134 1787 remoti-

1750 1822 1836 1843 orem
1855 1824 1915 1853 pro
1940 1814 1994 1852 qui
2011 1813 2130 1852 Porph.

1750 1878 1829 1899 rem.

1750 1926 1878 1957 habeat.
1893 1927 1976 1957 conf.
1992 1927 2062 1957 cod.
2077 1927 2132 1957 ‘A’

1751 1983 1792 2011 ad
1815 1982 1935 2021 Porph.
1961 1993 1992 2022 p.
2020 1983 2096 2014 275.

1752 2034 1895 2082 Φερέντη
1914 2049 1977 2078 pro
2005 2035 2131 2084 Φερὲτη

1750 2099 1800 2125 est
1815 2095 1964 2134 Apollini
1983 2106 2045 2136 pro
2069 2100 2131 2135 est,

1750 2151 1898 2190 Apollini

1692 2225 1705 2229 -
1753 2216 1838 2238 omn.
1856 2211 1984 2247 praeter
1992 2217 2056 2248 pro
2069 2218 2130 2240 om.

1748 2268 1878 2302 praeter

1750 2320 1850 2359 (conf.
1868 2330 1900 2350 u.
1933 2322 1996 2352 73:
2028 2321 2131 2352 Terra

1747 2377 1835 2407 dolet
1859 2378 1943 2417 suis)

1690 2452 1703 2456 -
1749 2443 1770 2463 u
1793 2443 1812 2463 a
1836 2443 1922 2464 man.
1950 2435 1979 2465 2.
2005 2443 2065 2473 pro
2089 2444 2131 2465 ua

1749 2499 1834 2520 man.
1862 2491 1891 2520 2.

1747 2556 1816 2585 cap.
1835 2555 1898 2585 pro
1923 2555 1992 2585 eap.

1752 2606 1937 2633 exstructos

1752 2663 1784 2689 et
1808 2668 1826 2700 γ
1843 2668 1906 2697 pro
1930 2659 1969 2701 ἀγ

1745 2715 1865 2744 Vestae

1689 2790 1701 2794 -
1748 2770 1896 2801 futurum
1919 2780 1966 2813 γ,1·
1988 2780 2050 2810 pro
2074 2770 2128 2801 fu-

1745 2833 1854 2857 turum
1878 2828 1897 2857 b

1748 2893 1832 2914 omn.
1862 2883 1939 2913 libri
1957 2892 2020 2922 pro
2046 2891 2126 2913 omo.

1747 2939 1822 2969 libri

1737 2994 1860 3025 differri
1908 2999 2014 3025 autem
2053 3004 2116 3034 pro

1744 3050 1871 3081 differie

1685 3125 1697 3130 -
1744 3116 1829 3137 omn.
1844 3110 1971 3146 praeter
1982 3116 2045 3147 pro
2062 3117 2125 3138 om.

1744 3167 1872 3202 praeter

2248 2649 2272 2859 ²}

2253 2861 2271 2892 ι’

2258 2900 2274 2919 ιΙ

2255 3103 2273 3141 ζ’(

2247 3136 2276 3209 {3

2221 3363 2283 3535 ‘t'
