2283 3535
243 1033 284 1065 10

245 1402 285 1434 15

307 234 388 274 506
939 241 1045 274 ACR.
1071 241 1132 272 ET
1157 239 1324 271 PORPH.
1350 238 1496 271 COMM.

421 369 486 408 14.
517 368 715 408 obsessam
747 366 862 408 Ilion.
920 364 993 406 Ad
1022 363 1233 405 Helenam
1264 364 1402 405 refert.

421 441 485 482 15.
519 442 583 481 16.
614 455 675 481 me
697 436 759 481 lib.
781 455 820 480 n.
841 455 879 481 u.
904 454 935 480 c.
962 438 1029 480 Ph.
1052 453 1102 479 m.
1151 436 1416 478 Libertinam
1449 449 1492 476 se
1523 448 1664 475 amare
1694 433 1896 488 Phrynen
1927 432 2134 483 adfirmat,

308 527 428 568 quae,
472 513 568 554 licet
599 513 691 555 uiro
722 528 805 554 non
837 513 890 554 sit
918 527 1001 553 uno
1033 517 1241 560 contenta,
1286 508 1588 564 turpitudinem
1620 516 1759 548 tamen
1791 506 1880 548 eius
1911 520 1954 547 se
1984 507 2137 548 fatetur

308 587 418 629 ferre
449 602 526 641 pro
558 601 713 628 amore.

1043 767 1397 812 PORPHYRION.

424 880 558 937 Mollis
587 880 733 921 inertia
766 894 797 920 c.
831 886 854 920 t.
888 878 972 934 diff.
1002 879 1026 919 i.
1059 893 1092 919 o.
1124 893 1154 918 s.
1215 875 1285 917 Ad
1317 875 1608 917 Maecenatem
1641 874 1836 929 loquitur.
1899 870 2137 928 Significat,

309 954 427 995 illum
457 954 698 1008 frequenter
728 952 780 993 de
811 966 855 993 se
887 965 1102 1006 quaerere,
1148 965 1222 992 cur
1251 949 1452 1005 neglegat
1482 949 1669 990 carmina
1699 947 1896 990 scribere.
1970 945 2140 988 Deinde

310 1027 429 1083 quasi
460 1026 813 1082 interrogationes
845 1025 934 1066 eius
963 1024 1110 1066 uolens
1141 1024 1327 1079 effugere
1358 1037 1543 1064 amorem
1575 1029 1781 1063 causatur.

424 1103 460 1142 7.
493 1102 530 1142 8.
560 1101 735 1157 inceptos
766 1100 858 1141 olim
881 1113 1001 1155 pron.
1036 1112 1195 1140 carmen
1225 1097 1371 1138 iambos
1392 1096 1445 1137 ad
1464 1096 1694 1138 umbilicum
1715 1095 1928 1137 adducere.
1989 1095 2139 1149 Σχῆμα

311 1173 562 1229 ἐπεξήγησις.
630 1174 795 1222 Iambos,
843 1186 1024 1213 carmen.
1097 1170 1255 1212 Utrum
1290 1171 1384 1212 olim
1420 1171 1680 1226 promissum,
1726 1184 1779 1209 an
1822 1169 1915 1210 olim
1957 1169 2142 1224 inceptos,

310 1247 556 1303 ambiguum
589 1254 662 1288 est.
735 1245 801 1288 Ad
830 1246 1061 1287 umbilicum
1092 1245 1292 1286 adducere
1337 1258 1414 1299 pro
1462 1243 1577 1299 finire
1609 1251 1643 1284 et
1674 1256 1954 1284 consummare
1984 1240 2137 1296 posuit,

311 1321 410 1377 quia
440 1320 484 1362 in
514 1321 596 1361 fine
627 1319 725 1361 libri
755 1317 946 1360 umbilici
976 1333 1027 1360 ex
1056 1318 1175 1375 ligno
1205 1324 1276 1359 aut
1306 1331 1398 1359 osse
1429 1316 1563 1359 solent
1593 1315 1707 1371 poni.

427 1395 462 1435 6.
496 1395 560 1435 10.
593 1409 674 1435 non
705 1393 818 1434 aliter
841 1392 976 1434 Sarm‘o
1009 1393 1045 1434 d.
1082 1393 1227 1434 arsisse
1252 1391 1439 1448 Bathyllo
1461 1390 1587 1432 Aucr.
1615 1391 1763 1431 Teium.
1825 1387 2037 1438 Adtende,
2068 1401 2145 1444 per

313 1611 343 1637 st
368 1616 429 1636 om.
448 1605 567 1642 AR2‚r.
593 1614 689 1644 quam
709 1610 740 1635 te
758 1604 802 1634 ait
819 1606 884 1634 urit
900 1604 990 1634 AR2.
1010 1613 1105 1642 quam
1123 1608 1154 1633 te
1172 1612 1212 1632 an
1230 1604 1297 1632 urit
1314 1612 1361 1632 rv.
1382 1611 1476 1640 quam
1494 1606 1527 1631 te
1545 1605 1598 1631 aut
1613 1602 1677 1631 urit
1695 1611 1720 1630 r.
1737 1600 1818 1640 quod
1840 1610 1863 1630 ε.
1881 1599 2015 1639 π.ῃαο]ι.
2032 1598 2138 1640 syriis]

318 1663 385 1694 Urit
408 1664 572 1693 obsessam
596 1663 686 1692 Ilion.
714 1672 776 1692 non
802 1662 914 1692 melior
939 1671 1033 1700 quam
1058 1665 1091 1691 te
1115 1661 1159 1690 αιί
1181 1661 1246 1690 urit
1270 1660 1308 1689 R.
1334 1668 1428 1698 quam
1446 1662 1479 1688 te
1495 1658 1555 1688 iam
1579 1659 1644 1687 urit
1669 1655 1868 1695 cath(G?).
1895 1657 1964 1700 sz:
1992 1658 2012 1686 i.
2038 1657 2146 1687 sinon

311 1720 411 1750 fuerit
426 1720 540 1750 helena
566 1729 646 1758 quae
672 1719 735 1749 fuit
752 1728 849 1748 causa
866 1719 1010 1748 incendii
1029 1722 1059 1748 ct
1078 1718 1273 1748 obsessionis
1292 1717 1392 1747 troiae
1410 1715 1588 1754 speciosior
1605 1724 1700 1753 quam
1717 1714 1865 1744 terentia.
1893 1715 1973 1744 satis
1990 1718 2080 1752 potes
2096 1713 2146 1743 uti

313 1778 369 1808 illa
393 1786 449 1815 per
468 1781 586 1807 sortem
603 1777 664 1806 tibi
690 1776 850 1814 adeptam.
877 1785 910 1817 γε
936 1775 1047 1805 ureris.
1074 1785 1091 1804 a
1109 1775 1250 1804 terentia
1274 1772 1342 1814 (in?
1369 1773 1452 1804 conf.
1481 1772 1576 1803 Ouid.
1602 1771 1645 1801 M.
1661 1770 1731 1809 VII,
1758 1769 1817 1810 22)
1842 1780 1935 1809 quam
1960 1771 2036 1802 uris.
2061 1769 2144 1800 ilion.

312 1834 334 1864 i.
361 1834 388 1863 si
413 1843 474 1863 non
499 1833 563 1864 fuit
586 1833 750 1871 pulchrior
775 1833 890 1862 helena
914 1832 985 1869 hac,
1023 1841 1117 1870 quam
1142 1835 1178 1860 tu
1204 1831 1327 1869 diligis.
1353 1831 1502 1868 gloriare.
1527 1829 1700 1859 terentiani
1726 1829 1812 1858 enim
1837 1829 1959 1858 amauit
1985 1835 2145 1857 mecenas.

312 1890 381 1920 Aut
404 1890 524 1920 scribe:
551 1898 646 1928 quam
670 1898 745 1928 qaae
770 1893 813 1926 te,
840 1889 895 1924 ait,
920 1889 995 1925 urit,
1021 1887 1191 1919 Maecenas
1219 1886 1318 1926 (conf.
1346 1886 1383 1919 C.
1409 1887 1433 1924 1,
1464 1888 1514 1924 19,
1534 1887 1571 1916 5:
1604 1885 1672 1915 Urit
1695 1894 1740 1914 me
1768 1884 1916 1924 Glycerae
1937 1884 2028 1914 nitor.
2054 1884 2146 1922 Virg-

313 1947 351 1977 E.
383 1947 469 1985 VIII,
497 1947 556 1976 83:
583 1946 722 1985 Daphnis
746 1956 790 1975 me
813 1945 909 1975 malus
932 1945 1022 1985 urit),
1049 1950 1115 1983 aut,
1141 1945 1226 1983 quod
1253 1930 1432 1982 simplicius
1459 1947 1508 1973 est
1534 1952 1629 1981 quam
1663 1941 1707 1971 ait
1735 1942 1867 1972 uerbum
1898 1941 2145 1979 interpositum:

313 2013 409 2042 quam
433 2013 509 2042 quae
533 2007 563 2032 te
578 2012 606 2032 a.
633 2002 693 2040 (z
717 2001 867 2041 accendit)
893 2003 912 2032 i.
940 2011 966 2031 e.
994 2002 1070 2039 urit,
1096 2001 1277 2031 Macaenas.
1305 2001 1386 2031 conf.
1414 2000 1456 2031 C:
1480 2000 1584 2039 pulch.
1608 1999 1688 2039 iynis
1711 1998 1854 2028 accendit.
1881 1998 1914 2028 id
1941 2001 2001 2035 est,
2027 1998 2055 2027 si
2079 1996 2146 2027 He-

312 2062 386 2092 lena
410 2070 490 2100 quae
515 2060 577 2090 fuit
601 2069 710 2090 caussa
733 2059 866 2089 incendii
895 2063 922 2088 et
956 2058 1156 2088 subversionis
1185 2058 1304 2095 Troiae,
1343 2067 1406 2087 non
1435 2057 1496 2087 fuit
1521 2056 1694 2095 speciosior
1719 2065 1815 2094 quam
1851 2055 2015 2092 Terentia,
2051 2062 2147 2092 quam

314 2119 454 2157 clepens,
481 2118 537 2147 illa
561 2121 661 2154 utere,
688 2120 719 2146 et
742 2116 846 2154 gaude
870 2116 937 2145 fato
962 2120 1026 2153 tuo,
1057 2124 1118 2153 quo
1142 2120 1256 2145 nactus
1283 2124 1316 2145 es
1342 2115 1483 2153 puellam
1508 2118 1575 2144 tam
1599 2113 1777 2151 pulchram.
1825 2112 1907 2141 Mire
1933 2114 2041 2141 autem
2066 2110 2146 2140 dicit

312 2175 423 2213 ureris,
462 2174 580 2204 deinde
604 2172 697 2212 ignis:
735 2173 870 2202 alterum
897 2176 1026 2210 propter
1051 2181 1189 2201 amorem
1217 2172 1271 2209 qui
1297 2171 1417 2208 exurit,
1443 2171 1616 2207 amantei53
1655 2170 1790 2199 alterum
1808 2172 1939 2207 propter
1964 2167 2146 2198 incendium

314 2231 440 2261 Troiae.

431 2287 464 2326 1)
491 2288 619 2325 opssam
645 2286 683 2316 E.
709 2286 842 2324 oppsam
870 2285 898 2314 A
924 2286 956 2315 in
981 2285 1142 2322 lemmate,
1169 2283 1332 2324 obsessam]
1362 2294 1525 2323 opsessam
1544 2284 1572 2313 A
1591 2284 1623 2313 in
1648 2283 1725 2313 Hor.
1752 2284 1911 2313 obsessum
1927 2283 1975 2312 fh.
1996 2281 2065 2311 rell.
2091 2281 2146 2312 ob—

312 2354 435 2382 sessam,
461 2348 496 2373 ut
520 2353 631 2373 omnes
657 2342 722 2372 fere
747 2342 838 2372 codd.
864 2341 1005 2371 Horatii.
1063 2341 1097 2380 2)
1124 2341 1249 2380 pbyrne
1275 2359 1315 2362 d
1341 2342 1497 2380 phyrnem
1523 2339 1701 2379 rva.f⁷ine
1728 2340 1757 2369 2.
1784 2340 1854 2369 rell.
1875 2339 2012 2378 phryne.

427 2399 582 2430 PORPH.
631 2399 825 2438 Significans
848 2398 938 2428 vafh.
963 2397 1093 2427 sensiens
1121 2398 1198 2437 (sic)
1224 2408 1247 2427 r.
1273 2398 1343 2428 rell.
1372 2398 1541 2436 significat.
1591 2397 1626 2436 8)
1651 2396 1740 2435 queri
1757 2395 1862 2435 G(Q).
1882 2405 2031 2435 quaerere
2057 2394 2146 2434 (que-

313 2468 382 2488 rere
406 2458 458 2497 rv)
483 2458 572 2495 uulg.
598 2457 704 2486 lectio.
729 2460 826 2486 recte.
866 2455 1012 2493 Namque
1038 2459 1069 2485 et
1094 2454 1129 2484 de
1154 2454 1269 2484 homine
1293 2463 1439 2493 quaerere
1464 2454 1628 2484 sollemnis
1655 2454 1794 2483 elocutio
1820 2457 1867 2482 est
1894 2454 1913 2482 i.
1941 2462 1967 2482 e.
1995 2452 2146 2489 sollicite,

315 2516 407 2554 quasi
433 2524 488 2553 per
514 2517 684 2551 tormenta,
711 2522 871 2551 quaerere.
901 2511 968 2541 Cic.
994 2512 1102 2542 Deiot.
1134 2513 1159 2540 1.
1184 2511 1255 2541 Mil.
1272 2512 1324 2540 22.
1353 2510 1449 2541 Ouid.
1474 2511 1510 2541 P.
1537 2511 1590 2547 IV,
1619 2512 1649 2547 3,
1678 2511 1729 2539 18.
1755 2509 1868 2539 occidis
1891 2518 1978 2548 saepe
2001 2508 2146 2548 roqandO.

315 2573 438 2602 crucias
463 2581 513 2601 me
526 2570 617 2614 ΒφΟ.
642 2569 788 2609 reflando.
818 2569 1051 2607 interrogando
1077 2577 1127 2598 me
1153 2569 1308 2599 obtundis
1337 2567 1372 2597 C.
1400 2567 1630 2605 interroganda
1655 2565 1850 2596 dicz'tAmbr.
1878 2570 1909 2595 et
1926 2575 1944 2608 γ
1961 2566 2014 2605 qui
2033 2565 2145 2595 addit:

314 2633 350 2659 ut
373 2628 532 2658 terentius
560 2627 663 2665 (And.
691 2626 715 2667 1,
745 2627 772 2663 1,
800 2626 875 2664 97):
901 2634 977 2664 quae
1000 2624 1040 2654 sit
1061 2634 1143 2664 royo.
1169 2624 1237 2667 Βφε
1265 2624 1509 2662 interrogando.
1576 2624 1631 2663 11)
1658 2632 1769 2666 σχημα
1794 2618 1938 2666 εφεξησις
1973 2622 2007 2652 Μ
2037 2622 2145 2653 Halm.

316 2685 359 2723 (σ.
385 2682 570 2728 εφεξηγησις
596 2682 650 2722 Q).
684 2683 744 2711 His
771 2692 818 2720 gr.
846 2683 953 2712 uerbis
979 2683 1092 2712 lacuna
1117 2682 1232 2711 relicta
1257 2686 1306 2711 est
1332 2682 1362 2711 in
1389 2680 1439 2710 QG
1466 2685 1497 2710 et
1521 2681 1558 2718 R,
1585 2680 1638 2718 qui
1664 2680 1779 2709 habet:
1807 2680 1940 2718 Inceptos
1959 2697 1993 2700 —
2015 2677 2143 2718 iambos]

315 2742 367 2771 Ad
393 2741 506 2770 umbil.
532 2740 692 2770 adducere
718 2749 775 2777 pro
794 2740 886 2769 finire
917 2760 1160 2769 ........
1192 2738 1324 2767 iambos.
1350 2742 1457 2767 utrum
1483 2741 1544 2766 etc.
1569 2736 1663 2766 nanc
1687 2737 1836 2766 lacunam
1861 2745 1939 2766 uoce
1963 2732 2148 2779 ἑφεξηγησῑς

315 2798 461 2836 expleuit
487 2796 515 2832 Q
541 2806 570 2835 p.
596 2795 733 2825 XXXIII
760 2796 886 2825 dicens:
913 2797 999 2833 ‘ergo
1025 2804 1066 2824 ex
1092 2799 1181 2832 parte
1206 2798 1292 2824 recte
1318 2795 1498 2831 suspicatus
1525 2803 1594 2823 sum
1613 2794 1644 2822 iu
1662 2793 1773 2822 adnot.
1800 2792 1935 2829 critica,’
1962 2792 1993 2821 in
2011 2801 2073 2830 qua
2090 2791 2146 2820 ad-

315 2854 394 2883 tulit
418 2854 511 2883 haec:
538 2862 564 2882 a.
592 2862 622 2882 u.
650 2852 724 2881 add.
750 2852 780 2881 in
807 2852 878 2883 leui.
904 2861 964 2881 om.
990 2851 1085 2882 Fabr.
1113 2852 1168 2881 sed
1194 2854 1267 2889 post
1292 2850 1459 2889 ambi-(sumn
1485 2855 1527 2880 cst
1550 2851 1660 2880 eadem
1685 2860 1740 2887 pro
1758 2859 1840 2880 nouo
1868 2850 2018 2879 lemmate
2043 2848 2146 2879 addit.

315 2920 410 2949 quam
435 2915 511 2940 ante
536 2910 646 2939 iambos
671 2910 799 2947 signaui
825 2909 971 2938 lacunam
997 2913 1029 2938 et
1052 2909 1121 2938 cod.
1148 2909 1262 2944 liabet3
1290 2908 1427 2937 fortasse
1454 2908 1608 2945 scriptum
1633 2907 1696 2936 fuit.
1722 2907 1786 2936 sic:
1810 2902 2018 2948 Ἐπῑξήγησις
2035 2904 2147 2935 iambos

316 2976 454 3004 carmem
480 2971 584 2996 utrum
611 2971 670 2996 etc.
696 2976 752 2996 an:
777 2962 881 3002 Ἐπεξ.
908 2976 978 2995 uam
1001 2965 1092 2995 iambi
1118 2970 1185 2994 sum
1208 2965 1351 2996 carmen)
1383 2964 1611 2993 Desideramus
1643 2967 1750 2993 autem
1787 2964 1937 2992 notitiam
1972 2963 2145 2992 lectionum

317 3024 351 3053 in
376 3022 419 3052 vf.
446 3019 504 3065 Σχ.
530 3020 612 3058 ἐπεξ.
639 3033 698 3052 om.
724 3022 829 3052 rvafli.
855 3021 967 3051 ‘iambos
992 3031 1119 3051 carmen
1147 3031 1205 3051 om.
1233 3030 1273 3051 va
1299 3024 1330 3050 ct
1356 3020 1401 3057 fh,
1429 3020 1480 3058 qui
1506 3021 1643 3049 habent:
1669 3019 1842 3058 Incoeptos,
1869 3019 1909 3049 ol.
1936 3029 1981 3057 pr.
2009 3028 2144 3049 carmen.

316 3077 458 3118 Iambos]
497 3078 547 3108 Ad
567 3078 630 3108 iam
654 3097 695 3100 —
722 3078 837 3108 lambos
860 3083 960 3108 utram
985 3088 1107 3108 carmen
1132 3079 1207 3108 olim
1234 3082 1293 3107 etc.
1337 3076 1386 3106 Ad
1410 3086 1450 3106 ex
1476 3086 1505 3106 u.
1538 3078 1568 3114 8,
1606 3086 1699 3115 quem
1737 3075 1871 3105 inferius
1907 3076 1967 3113 bis,
2006 3077 2026 3106 i.
2053 3085 2080 3105 e.
2111 3076 2145 3106 in

316 3137 467 3166 lemmate
493 3138 525 3165 et
550 3136 583 3165 in
610 3135 742 3172 scholio,
768 3136 934 3166 Fabricius
961 3136 1030 3175 (fh)
1055 3136 1174 3174 posuit.
1225 3135 1280 3174 11)
1306 3134 1382 3164 olim
1408 3136 1554 3171 acceptos
1579 3133 1615 3163 R.
1642 3133 1674 3162 in
1701 3136 1810 3171 ceptos
1837 3132 1866 3161 2.
1931 3132 1984 3171 12)
2011 3142 2047 3162 ac
2072 3140 2145 3162 cou-

317 3202 476 3223 summare
502 3192 531 3221 2.
557 3192 633 3230 poni
660 3192 767 3221 solent
792 3192 826 3221 R.
895 3192 951 3230 14)
978 3191 1039 3221 alio
1064 3192 1171 3222 Samio
1194 3191 1238 3221 M.
1264 3191 1334 3221 rell.
1361 3191 1451 3220 aliter
1476 3190 1560 3220 Sam.
1587 3189 1723 3228 bathyllo
1752 3187 1851 3225 A,rQ.
1884 3188 2008 3228 achyllo
2033 3192 2064 3218 et
2089 3189 2144 3218 ba-

317 3248 421 3288 chyllo
446 3249 478 3278 M
502 3248 608 3278 Halm.
636 3247 718 3278 conf.
747 3247 773 3283 Q
801 3258 829 3286 p.
856 3248 1000 3277 XXXIV.
1026 3248 1171 3288 bachyllo
1198 3247 1236 3278 G.
1264 3247 1399 3286 batliyllo
1424 3257 1453 3276 v.
1480 3247 1595 3286 batyllo
1621 3255 1648 3276 a.
1678 3245 1791 3276 batillo
1823 3244 1934 3283 R2,fh.
1967 3244 2050 3275 conf.
2069 3243 2143 3274 Acr-
