2283 3535
819 230 864 260 IN
885 230 1027 262 CARM.
1055 230 1113 267 lv,
1145 235 1191 262 14.
1829 224 1910 263 427

203 352 268 392 24.
300 351 394 392 mitt.
428 365 482 406 eq.
541 349 827 403 Inrumpendo
861 350 942 406 [in]
975 351 1154 392 hostium
1187 366 1353 393 cuneos.

194 425 391 479 pereynes.
449 422 499 462 In
529 422 713 463 medium
746 437 913 477 pugnae
943 424 1162 463 feruorem.

203 498 267 537 25.
299 498 343 538 si.
375 505 399 537 t.
434 511 471 537 u.
504 499 549 537 A.
625 494 828 537 Omnium
858 495 1075 536 fluminum
1114 498 1368 537 famosorum
1408 497 1546 538 uultus
1584 514 1677 539 cum
1717 500 1913 541 cornibus

88 570 303 624 finguntur
333 576 505 624 propter
536 568 714 622 impetus
751 576 789 609 et
828 569 1012 624 mugitus
1050 584 1267 624 aquarum,
1314 569 1408 610 idco
1446 573 1709 625 tauriformis,
1756 580 1799 613 ut
1839 572 1912 628 (A.

89 642 213 693 VIII,
248 644 340 697 77):
379 643 568 696 Corm'yer
601 643 860 697 Hesperidum
889 643 1042 697 (lamias
1074 652 1260 697 reqnalor
1290 657 1502 698 aquarum.

202 717 266 758 28.
300 716 367 756 dil.
400 716 614 756 meditatur
651 731 685 755 a.
745 714 1067 756 Inundationem
1105 715 1288 756 fluminis
1325 715 1416 756 uiro
1452 716 1548 757 forti
1585 724 1801 771 comparat
1838 732 1914 771 pro

88 788 220 830 Drusi
251 788 387 838 laude,
428 794 472 829 ut
504 787 578 843 (A.
609 787 666 838 II,
698 789 821 843 304):
868 797 939 830 aul
971 790 1138 844 rapidus
1170 798 1357 830 montano
1384 790 1547 845 flumine
1580 798 1736 831 torrens
1768 790 1915 832 Sternit

91 876 221 917 aqros.

201 936 266 976 31.
292 936 482 990 primosq.
516 950 545 975 e.
577 950 607 975 e.
640 949 688 974 m.
747 933 808 975 Ut
839 932 912 989 (A.
944 934 1004 984 X,
1038 936 1159 988 512):
1200 936 1395 977 Prooez'nm
1426 950 1601 990 quaeque
1630 938 1736 977 metit
1764 936 1912 990 ylaclio.

201 1009 267 1048 32.
298 1009 379 1049 ειήε
411 1008 458 1048 cl.
519 1005 620 1048 Sine
651 1006 805 1048 damno
837 1022 1005 1048 suorum
1035 1007 1215 1048 militum
1247 1007 1361 1048 dicit.

201 1081 265 1122 33.
298 1090 332 1122 le
364 1096 394 1122 c.
427 1090 448 1121 1.
483 1096 515 1122 c.
574 1078 759 1135 Augusti
790 1080 990 1135 auspiciis
1021 1079 1210 1122 Drusum
1242 1080 1344 1122 dicit
1374 1080 1513 1122 hostes
1542 1081 1700 1123 fudisse
1742 1088 1782 1122 et
1820 1081 1914 1123 feli-

91 1153 257 1195 citatem
288 1153 496 1195 habuisse.

214 1228 279 1268 34.
313 1227 378 1268 35.
411 1235 491 1268 tam¹
523 1235 546 1267 l.
580 1241 612 1281 q.
646 1228 681 1267 d.
700 1242 742 1282 p.
765 1227 817 1267 (ιῖ.
839 1243 867 1267 s.
928 1225 1141 1267 Felicitati
1171 1226 1369 1281 adsignat
1398 1226 1583 1282 Augusti
1615 1226 1749 1269 Drusi
1779 1228 1914 1270 uicto-

88 1299 195 1340 riam
226 1299 551 1341 demonstrando
582 1307 677 1340 ante
708 1314 840 1340 annos
880 1298 971 1340 XV
1002 1299 1150 1340 eodem
1186 1299 1254 1339 die
1285 1299 1337 1340 ab
1374 1298 1569 1354 Augusto
1606 1300 1915 1342 Alexandriam

90 1379 268 1428 captam,
302 1388 382 1427 quo
405 1371 570 1414 Drusus
593 1373 649 1427 (P)
672 1371 919 1413 Vindelicos
940 1372 1173 1427 superauit3
1204 1371 1384 1427 Pompei
1406 1372 1517 1413 enim
1540 1380 1715 1415 mortem
1741 1373 1913 1415 Actiaco

92 1445 202 1488 bello
231 1446 342 1487 ultus
371 1445 591 1501 Augustus
621 1452 694 1486 est.

200 1520 267 1560 36.
298 1534 483 1561 uacuam.
546 1517 648 1560 Sine
678 1518 808 1567 hoste,
841 1517 930 1559 sine
961 1517 1142 1559 domino.

201 1594 265 1634 36.
298 1601 334 1634 et
363 1601 438 1649 opt.
464 1608 506 1648 p.
539 1594 565 1633 i.
597 1593 633 1633 d.
665 1608 702 1633 a.
775 1591 1123 1633 Inmortalitatem
1155 1606 1205 1632 ex
1237 1592 1550 1634 consecratione
1585 1593 1752 1634 uidetur
1784 1593 1916 1649 signi-

88 1666 227 1716 ficare,
264 1681 357 1707 cum
389 1665 491 1707 dicit
516 1667 690 1722 peractis
720 1666 906 1720 imperiis,
945 1663 1111 1705 diuinos
1141 1664 1252 1705 enim
1289 1665 1469 1707 honores
1505 1665 1657 1707 meruit
1696 1665 1917 1722 Augustus

93 1738 156 1796 [ut
185 1739 297 1780 idem
327 1739 371 1779 in
401 1738 583 1780 secundo
613 1737 904 1794 Epistularum
936 1737 1013 1794 (H.
1047 1739 1084 1787 1,
1109 1739 1199 1793 16);
1242 1739 1451 1780 Praesenti
1476 1739 1549 1781 tibi
1574 1748 1757 1782 maturos
1788 1741 1916 1795 ἰατρί-

89 1806 189 1854 mur*
213 1812 380 1854 honores
410 1813 697 1867 Jurandasqne
729 1820 843 1853 tuum
865 1825 944 1867 per
973 1825 1113 1852 nomen
1138 1812 1328 1866 ponimus
1359 1811 1490 1868 aras]

204 1886 270 1926 41.
302 1900 381 1926 non
413 1901 449 1926 α.
482 1886 519 1926 d.
579 1884 675 1926 Non
706 1891 801 1926 ante
834 1882 1062 1925 Caesarem
1092 1883 1239 1925 uictus.

203 1959 269 1999 42.
295 1963 403 2013 prof.
427 1959 601 2015 Scythes.
654 1956 761 2014 [Aut
782 1957 857 1999 sub
878 1955 1092 2012 Aquilone
1113 1956 1287 1998 interius
1309 1957 1567 2008 constitutus,
1590 1958 1679 2015 aut]
1704 1959 1775 2013 qui
1795 1974 1917 2001 num-

92 2045 218 2086 quam
247 2031 292 2071 in
322 2031 469 2073 eodem
499 2031 590 2073 loco
620 2038 759 2072 manet
769 2047 778 2080 3
811 2031 922 2071 unde
954 2038 991 2071 et
1022 2031 1212 2072 nomades
1244 2031 1451 2072 dicuntur.

204 2104 269 2145 43.
303 2119 323 2145 o
345 2105 466 2146 tutela
480 2119 687 2161 praesens.
739 2102 981 2159 Augustum
1003 2103 1105 2145 dieit
1114 2120 1123 2153 3
1148 2103 1208 2145 sic
1228 2104 1340 2145 idem
1363 2104 1465 2145 alibi
1487 2104 1614 2159 (Hor.
1634 2104 1686 2146 E.
1708 2104 1766 2155 II,
1790 2106 1827 2155 1,
1850 2106 1915 2160 2):

93 2176 170 2218 Res
200 2177 321 2218 Italas
350 2178 473 2218 armis
502 2179 642 2219 tuteris
673 2177 847 2218 moribus
878 2192 1007 2218 ornes.
1071 2178 1267 2218 Praesens
1299 2185 1370 2218 aut
1399 2177 1604 2233 (autemP)
1636 2184 1796 2233 potens,
1830 2179 1918 2220 siue

92 2248 289 2304 propitia,
321 2256 366 2290 ut
402 2251 511 2305 Verq.
543 2248 617 2304 (G.
648 2249 683 2300 Ι,
717 2251 808 2305 10);
851 2252 900 2291 Et
928 2265 1001 2291 uos
1033 2259 1236 2304 aqrestum
1262 2253 1490 2307 praesentia
1518 2253 1686 2293 numina
1716 2253 1860 2293 Fauni.

204 2324 272 2365 45.
304 2332 336 2364 te
366 2324 396 2377 Γ.
427 2338 459 2379 q.
493 2338 522 2364 c.
555 2338 586 2364 o.
651 2321 789 2379 Origo
821 2323 932 2364 enim
953 2322 1042 2363 Nili
1062 2323 1259 2375 nescitur,
1288 2330 1333 2364 ut
1364 2324 1536 2378 (Lucan.
1557 2323 1591 2374 I,
1615 2325 1707 2379 20):
1746 2326 1798 2366 Et
1826 2339 1919 2379 qens

93 2397 130 2437 si
156 2410 235 2451 qua
265 2397 370 2438 iacet
397 2397 583 2438 nascenti
609 2397 760 2438 conscia
790 2396 896 2439 Nilo.
973 2394 1133 2438 Gentes
1163 2396 1382 2438 fluminum
1413 2398 1808 2439 commemoratione
1845 2398 1918 2439 de-

95 2467 245 2523 signat.

207 2542 274 2582 47.
306 2542 503 2583 beluosus.
562 2541 719 2583 Plenus
749 2540 883 2584 beluis
914 2548 954 2584 et
983 2543 1193 2585 monstris.

213 2708 246 2747 1)
271 2707 409 2746 Inrump.
437 2708 476 2737 A.
503 2709 536 2738 in
563 2718 622 2738 om.
649 2708 846 2746 AR21‚m1v.
895 2709 930 2747 2)
957 2709 993 2738 In
1019 2708 1260 2745 ARlG‚r1nvca.
1286 2710 1356 2739 rell.
1384 2719 1441 2748 per
1465 2710 1598 2740 furorem
1624 2709 1834 2748 R2G‚rmvac.
1886 2710 1919 2749 7)

96 2767 141 2793 ut.
168 2765 242 2793 saxi
267 2765 306 2793 de
331 2765 450 2793 uertice
476 2763 521 2802 (u.
549 2765 629 2803 308)
655 2768 781 2794 torrens
808 2769 906 2795 stern.
933 2774 1000 2802 agr.
1025 2765 1115 2802 A2‚r.
1173 2766 1228 2804 11)
1253 2766 1339 2795 host.
1366 2770 1397 2795 et
1422 2765 1475 2795 fel.
1501 2767 1621 2796 fudisse
1638 2766 1700 2796 A2.
1725 2767 1851 2796 hostem
1875 2766 1921 2795 fe-

96 2819 192 2849 liciter
216 2821 338 2850 fudisse
363 2831 389 2850 r.
416 2820 500 2850 felic.
527 2825 712 2850 consecutmn
737 2821 773 2851 C.
825 2822 880 2861 13)
905 2821 1029 2859 adsign.
1045 2820 1081 2850 A.
1136 2821 1191 2859 14)
1210 2822 1268 2850 XV
1290 2822 1379 2859 A2‚r.
1405 2823 1486 2851 conf.
1504 2823 1619 2860 Porph.
1646 2823 1714 2851 rell.
1741 2823 1920 2852 duodecim.

97 2877 136 2905 ab
162 2886 234 2914 aug.
260 2876 377 2914 AR2‚1·.
403 2877 491 2914 vulg.
517 2876 613 2906 Alex.
646 2878 684 2906 ab
715 2877 799 2915 Aug.
868 2878 922 2915 15)
956 2878 1043 2908 drus.
1069 2877 1253 2907 vindilicz'os
1285 2879 1324 2907 A.
1359 2879 1482 2907 aeciaco
1512 2878 1579 2907 AR.
1638 2877 1694 2917 17)
1725 2878 1800 2908 Sine
1831 2879 1862 2908 h.
1896 2888 1919 2906 s.

98 2933 211 2963 damno
236 2933 346 2971 R21,r.
365 2942 455 2962 mvae
472 2934 591 2962 habent
617 2937 803 2972 utrumque:
833 2935 903 2963 sine
929 2934 1055 2970 damno,
1082 2934 1150 2962 sine
1175 2934 1278 2971 hoste,
1305 2935 1376 2964 sine
1401 2935 1539 2964 domiuo.
1591 2935 1645 2973 18)
1671 2934 1802 2965 Inmort.
1832 2935 1860 2963 2.
1887 2943 1922 2963 ea:

97 2990 332 3019 consecratione
357 2989 395 3019 A.
422 2993 448 3018 et
472 2990 711 3020 consecratione
738 2991 766 3019 2.
792 2991 989 3020 execratione
1015 2989 1053 3019 G.
1084 2991 1182 3028 vulgo
1213 2994 1240 3018 et
1269 2991 1553 3020 consecrationem.
1586 2991 1666 3020 conf.
1697 2990 1814 3028 Porph.
1866 2990 1920 3027 19)

99 3054 169 3074 cum
193 3045 272 3075 dicit
297 3044 385 3074 AR2.
412 3046 481 3074 rell.
510 3055 569 3075 oin.
588 3063 624 3066 —
643 3046 708 3075 diu.
737 3047 821 3075 euim
849 3046 896 3075 2R
922 3046 992 3084 (qui
1017 3047 1137 3084 repetit
1157 3047 1291 3084 peractis
1314 3046 1413 3085 imp).
1461 3047 1518 3084 20)
1544 3051 1580 3076 ut
1603 3064 1646 3068 -——
1671 3056 1742 3076 aras
1768 3055 1830 3077 om.
1855 3045 1919 3074 A2.

100 3100 156 3138 22)
181 3101 258 3130 nulli
280 3106 356 3131 ante
380 3102 424 3130 fh.
483 3102 539 3140 23)
565 3101 630 3131 Aut
656 3119 696 3123 —
723 3107 777 3132 aut
802 3112 885 3132 omn.
913 3103 998 3134 libri.
1061 3104 1118 3142 24)
1143 3112 1312 3140 numquam
1337 3102 1403 3132 *ideo
1427 3100 1570 3132 c5manet
1593 3101 1632 3131 A.
1660 3103 1693 3131 111
1718 3102 1829 3132 eodem
1854 3101 1921 3130 loco

100 3161 309 3186 commaneant
326 3167 348 3186 r.
367 3157 398 3186 in
416 3168 475 3187 om.
498 3159 523 3187 1.
542 3157 625 3187 conf.
643 3158 759 3196 Porph.
809 3160 866 3198 25)
891 3159 977 3196 Aug.
996 3160 1075 3188 dicit
1094 3169 1153 3188 om.
1182 3161 1208 3188 1.
1228 3159 1281 3188 sic
1306 3159 1390 3188 idem
1408 3176 1449 3179 —
1468 3167 1559 3188 ornes
1578 3168 1637 3188 om.
1655 3159 1693 3188 A.
1743 3159 1799 3196 26)
1825 3158 1921 3186 Prae-

99 3221 166 3241 sens
190 3222 305 3242 novum
330 3214 446 3243 lemma
472 3215 504 3243 in
530 3214 556 3243 R
580 3218 677 3252 atque
703 3216 737 3244 in
762 3215 846 3245 cafh.
895 3216 952 3254 27)
978 3216 1122 3253 propici9
1141 3229 1184 3243 z
1203 3215 1270 3244 cius
1295 3225 1319 3244 r.
1345 3214 1427 3244 conf.
1454 3214 1490 3244 C.
1541 3215 1598 3253 28)
1624 3215 1667 3244 Et
1691 3224 1750 3243 om.
1774 3213 1837 3242 A2.

1943 1014 1981 1045 10

1944 1744 1985 1776 20

1944 2111 1985 2143 25

1943 2478 1986 2510 30
