2283 3535
329 176 410 216 402
964 180 1158 213 ACR.ET
1185 177 1531 212 PORPH.COrmL

445 310 511 350 22.
543 322 626 349 mos
657 315 692 349 et
723 306 746 347 Ι.
777 321 826 347 m.
850 321 880 348 e.
901 320 939 347 n.
999 304 1232 360 Eleganter
1261 303 1429 344 uidetur
1460 316 1551 344 eam
1582 301 1721 357 legem
1752 301 2005 357 significare,
2038 315 2165 356 quam

331 383 383 425 de
415 380 634 424 adulteriis
666 379 911 422 coercendis
943 378 1092 420 sanxit.

446 458 512 497 24.
546 456 651 510 culp.
677 469 720 510 p.
744 469 787 510 p.
820 469 851 495 e.
923 451 1036 492 Mire
1069 466 1209 500 eomes,
1250 449 1399 504 inquit,
1432 448 1556 503 culpa
1586 462 1746 503 poenae
1778 462 1876 489 suae
1907 457 1981 498 est,
2017 447 2062 488 id
2092 453 2166 497 est,

331 544 416 572 non
447 528 664 570 differetur
695 541 832 582 poena
862 540 936 567 sua
967 522 1319 578 delinquentibus,
1378 521 1464 563 Per
1493 521 1573 562 hoc
1604 521 1825 576 significat,
1858 520 1963 561 nihil
1993 520 2167 576 ingene-

267 616 284 644 5
333 617 427 645 rose
459 609 531 644 aut
563 601 839 657 neglegenter
869 598 972 639 fieri.

449 677 515 718 30.
548 684 582 717 et
614 690 654 717 u.
687 690 725 715 u.
759 674 796 714 d.
828 688 863 714 a.
897 687 933 712 α.
1009 668 1208 712 Suauiter
1238 676 1275 710 et
1316 669 1461 710 m'daas
1499 669 1667 710 arbores
1712 668 1830 718 dixit,
1878 667 1995 722 prius
2045 683 2171 723 quam

334 750 441 792 uites
473 749 694 790 adiunctas
724 746 920 795 habeant,
953 744 1065 799 quia,
1097 759 1192 786 cum
1222 742 1391 792 habent,
1423 741 1642 782 maritatae
1674 741 1869 783 dicuntur
1899 757 1924 782 a
1954 741 2133 783 rusticis.

451 824 517 864 32.
551 830 584 863 et
616 822 757 862 alteris
789 828 813 861 t.
846 834 896 861 m.
930 819 1022 860 (adh.
1055 819 1092 859 cl.
1152 816 1203 858 Id
1234 824 1307 867 est,
1341 815 1537 858 secundis
1568 815 1735 857 mensis.

450 896 515 937 36.
549 903 584 936 et
616 910 664 935 m.
698 909 747 935 m.
781 894 832 934 H.
892 892 1061 934 Memor
1090 891 1391 933 beneficiorum
1422 889 1511 931 eius
1542 904 1591 931 ac
1621 889 1937 945 magnitudinis.

272 982 312 1013 10
452 970 518 1011 39.
551 969 718 1011 dicimus
747 967 871 1010 um'dae'.
931 966 983 1007 Id
1013 973 1087 1015 est,
1120 964 1208 1020 poti
1239 971 1363 1019 atquc
1394 963 1566 1005 madidi.

986 1193 1303 1249 OARMEN
1344 1194 1441 1262 IV,
1485 1196 1531 1247 e.

1159 1304 1348 1349 ACRON.

455 1411 559 1451 Dine
591 1425 623 1466 q.
653 1425 692 1466 p.
768 1408 989 1464 Hymnum
1026 1408 1094 1449 hic
1125 1406 1319 1461 Apollini
1357 1407 1459 1448 dieit
1498 1414 1536 1448 et
1578 1406 1841 1448 commendat
1877 1406 2066 1448 earmina
2104 1421 2178 1448 sua

342 1483 629 1527 saecularibus
660 1483 784 1533 ludis,
817 1483 887 1537 qui
911 1481 1233 1524 celebrabantur
1264 1487 1359 1536 post
1390 1488 1555 1522 centum
1586 1495 1718 1522 annos
1749 1495 1877 1535 supra
1897 1479 2087 1521 Tiberim
2109 1486 2180 1520 aut

342 1558 386 1599 in
419 1556 646 1612 Capitolio.

279 1349 317 1380 15

458 1633 494 1672 1.
527 1646 641 1687 quemr
671 1645 738 1686 pr.
777 1630 826 1672 N.
887 1628 1004 1670 Laus
1035 1627 1250 1684 Apollinis
1287 1628 1339 1669 de
1376 1627 1510 1678 factis,
1551 1627 1649 1683 quia
1689 1627 1733 1668 in
1764 1627 1997 1669 uindictam
2033 1626 2180 1668 matris

276 1718 317 1750 20
346 1710 530 1748 Latonae
561 1704 728 1746 Nioben
760 1718 854 1745 cum
886 1703 983 1744 filiis
1015 1703 1100 1744 suis
1131 1702 1354 1743 interemit.

461 1781 498 1821 2.
535 1780 570 1820 Τ
569 1780 709 1835 z'tyosq.
741 1792 775 1818 r.
837 1775 923 1829 Qui
955 1776 1041 1818 uim
1073 1776 1266 1818 Latonae
1297 1776 1451 1818 inferre
1483 1781 1656 1817 conatus
1687 1781 1759 1816 est.

459 1854 496 1894 3.
528 1853 643 1894 altae.
703 1851 905 1908 Magnae,
938 1858 980 1892 ut
1024 1848 1099 1905 (A.
1132 1849 1186 1891 ΙΙ.
1220 1851 1346 1906 289);
1395 1850 1530 1891 Hostis
1575 1849 1690 1891 habet
1734 1864 1872 1891 muros
1917 1851 2000 1891 ruit
2045 1850 2126 1891 alto
2158 1865 2181 1890 a

347 1928 519 1969 culmine
555 1927 688 1973 Troia,
721 1932 791 1966 aut
821 1940 898 1980 per
928 1924 1295 1980 uituperationem,
1327 1930 1369 1965 ut
1394 1921 1469 1979 (G.
1493 1921 1570 1973 IV,
1596 1923 1717 1978 lOss):
1751 1938 1922 1979 magnus
1954 1923 2079 1974 labor,
2112 1929 2183 1964 aut

347 2001 474 2043 altae:
509 2000 671 2050 stultae,
704 1999 965 2041 temerariae.

281 2089 322 2118 25
464 2076 503 2115 4.
538 2074 707 2115 Plzllzius
728 2075 773 2114 A.
832 2072 875 2112 A
912 2072 1080 2114 ciuitate
1102 2071 1252 2121 (lictus,
1284 2077 1329 2112 ut
1357 2071 1468 2126 Verq.
1506 2069 1580 2125 (A.
1603 2070 1637 2121 I,
1661 2071 1783 2126 284):
1818 2070 2003 2112 Phthiam
2024 2071 2182 2113 claras-

348 2164 421 2204 que
452 2149 659 2205 Mycenas.

462 2223 498 2263 5.
533 2222 605 2263 cibi
632 2236 681 2262 m.
712 2222 803 2276 emp.
864 2219 925 2262 Ut
947 2219 1020 2275 (A.
1043 2217 1120 2269 VI,
1145 2219 1240 2274 75):
1274 2219 1476 2261 Dardana
1507 2219 1578 2274 qui
1609 2219 1773 2260 Paridis
1806 2218 1958 2260 direxti
1987 2218 2064 2260 {ela
2096 2232 2183 2259 ma-

348 2310 503 2351 nusque
540 2295 695 2351 Corpus
727 2296 770 2336 in
802 2296 985 2336 Aeacide.

462 2456 497 2495 2)
524 2456 676 2485 adulteris
702 2457 824 2486 vehere.
851 2455 894 2484 M.
952 2456 987 2494 4)
1021 2454 1131 2485 differt
1165 2454 1235 2483 edd.
1272 2472 1310 2473 ff
1344 2454 1427 2483 nihil
1456 2453 1608 2493 yratiosae
1639 2452 1752 2482 AMl-te
1789 2453 1944 2492 (gratiose
1974 2452 2082 2492 Am).
2117 2454 2186 2483 nih.

350 2524 406 2553 gro
433 2524 466 2544 se
492 2523 510 2542 a
535 2523 619 2542 man.
648 2523 709 2543 ree.
735 2523 813 2543 corr.
842 2522 996 2551 generose
1014 2512 1096 2542 G.11,
1124 2521 1278 2550 generose
1303 2521 1349 2540 rv.
1377 2511 1563 2549 ingenerose
1588 2510 1669 2539 nihil
1695 2510 1759 2540 afh.
1786 2511 1913 2539 seruaui
1935 2509 2076 2550 ,φφ-πίσω.
2103 2509 2184 2540 conf.

350 2572 424 2601 Aer.
450 2570 528 2600 Ped.
557 2571 589 2599 in
615 2570 707 2599 Verr.
734 2570 759 2608 Ι,
786 2571 805 2598 4
833 2574 865 2600 et
889 2569 1020 2608 Ulpi-an.
1042 2571 1073 2598 in
1097 2569 1200 2598 Pand.
1228 2568 1341 2605 XXVI,
1370 2569 1398 2605 7,
1428 2569 1455 2597 7.
1506 2568 1540 2606 7)
1567 2576 1644 2606 quas
1668 2577 1695 2596 a.
1723 2566 1778 2605 qul
1802 2566 1849 2596 fh.
1886 2567 1954 2596 rell.
1981 2566 2065 2605 quia.
2090 2567 2187 2596 mari-

350 2633 408 2659 tate
433 2629 467 2658 R.
493 2628 562 2657 rell.
590 2627 735 2657 maritari
782 2628 817 2666 S)
844 2628 963 2657 mensis
988 2626 1031 2656 M.
1057 2627 1126 2656 rell.
1153 2635 1214 2655 om.

464 2684 619 2714 AGRON.
668 2684 833 2722 Apollinis
861 2684 985 2713 laudem
1017 2683 1112 2712 refert
1145 2682 1296 2721 quoniam
1329 2682 1471 2711 seruauit
1506 2690 1606 2710 enean
1642 2680 1733 2720 (ΑΗ)
1768 2690 1898 2710 aeneam
1932 2680 1991 2719 (E)
2025 2683 2186 2710 auctorem

351 2743 487 2781 originis
514 2750 662 2771 romanae
688 2740 833 2779 (romane
860 2741 902 2779 E)
929 2742 1110 2778 presentie-e
1137 2740 1307 2770 ten-aeolos
1332 2738 1400 2767 ΛΕ.
1449 2739 1634 2776 Apollinem
1660 2739 1772 2768 laudat
1803 2738 1877 2776 (Txffi
1909 2738 2052 2767 seruauit
2086 2745 2188 2766 enean

353 2804 436 2829 auct.
457 2810 501 2830 or.
522 2809 598 2829 rom.
618 2808 700 2837 pros:
720 2802 833 2828 tetrae.
851 2808 877 2840 γ.
916 2799 951 2827 In
969 2798 1142 2836 apollinem
1160 2797 1246 2839 bsszp.
1285 2796 1335 2825 Ad
1354 2797 1451 2834 apoll.
1471 2796 1542 2825 Par.
1563 2795 1585 2824 (J
1604 2795 1698 2824 Bern.
1718 2795 1780 2824 Bc.
1822 2795 1892 2825 Ode
1909 2792 2130 2825 LXXXXIIII.
2149 2793 2186 2822 R.

468 2858 524 2895 10)
542 2867 673 2896 ymnum
691 2856 728 2886 A.
747 2856 896 2894 apollinis
915 2857 942 2884 2.
996 2857 1050 2894 17)
1077 2854 1316 2884 celebrabantur
1333 2853 1369 2882 R.
1398 2853 1466 2882 rell.
1492 2852 1704 2881 celebrantur.
1733 2851 1776 2881 C:
1805 2851 2017 2881 Commendat
2042 2850 2186 2888 Apollini

354 2923 410 2943 sua
435 2923 529 2942 earm.
556 2914 642 2942 ludis
670 2913 850 2943 secularibus
878 2913 1092 2942 decantanta:
1119 2913 1174 2950 qui
1200 2916 1274 2950 post
1299 2920 1396 2940 annos
1424 2914 1551 2939 eentum
1576 2913 1602 2938 et
1625 2908 1724 2938 decem
1748 2908 1912 2945 celebrari,
1939 2912 1970 2937 et
1995 2908 2111 2945 populo
2136 2915 2187 2935 ex-

353 2970 452 2999 hiberi
475 2970 605 2999 solebant
630 2970 671 2999 ad
695 2970 851 3006 Tiberim,
889 2970 937 2999 uel
974 2971 1005 2999 in
1045 2968 1206 3007 Capitolio
1245 2972 1305 2998 etc.
1342 2968 1379 3009 γΙ)
1406 2967 1524 2995 habent
1551 2966 1623 2995 mai.
1650 2970 1731 3004 part.
1764 2965 1864 2994 schol.
1889 2964 2007 3002 Porph.
2034 2969 2064 2993 ot
2091 2964 2185 2992 haec:

354 3027 496 3057 seculare
522 3031 630 3056 autem
656 3028 749 3056 ludus
776 3031 841 3056 erat
870 3027 923 3065 qui
950 3026 1164 3057 celebrabatur
1184 3034 1242 3064 per
1267 3028 1394 3054 centnm
1421 3033 1521 3053 annos
1547 3032 1641 3061 supra
1671 3022 1811 3052 tiberim.
1866 3021 1919 3060 18)
1945 3024 1976 3050 ut
1999 3021 2031 3050 in
2056 3019 2134 3058 Cap.
2155 3020 2184 3048 2.

356 3085 413 3123 23)
440 3088 492 3113 aut
536 3100 576 3104 —
618 3085 807 3113 temerariae
834 3094 893 3113 oni.
918 3082 1018 3121 A‚r(j.
1044 3086 1097 3112 aut
1122 3083 1185 3112 alte
1211 3082 1330 3112 stultae
1356 3086 1409 3110 aut
1436 3081 1626 3109 temerariae
1650 3079 1686 3107 R.
1713 3081 1767 3106 aut
1793 3078 1878 3107 altae
1911 3077 2006 3107 stulte
2036 3081 2110 3107 tem.
2136 3075 2185 3106 fh.

354 3142 441 3170 altae
465 3140 564 3170 stellae
590 3150 636 3169 ea.
664 3141 724 3169 alte
750 3141 847 3170 stulte
872 3141 1042 3170 temerarie
1067 3150 1131 3169 mv.
1174 3157 1213 3160 -
1255 3139 1335 3168 latro
1360 3137 1445 3167 vasli.
1511 3136 1567 3174 ⁴25)
1595 3141 1627 3166 ut
1656 3145 1742 3173 uerg.
1769 3145 1829 3165 om.
1863 3133 1900 3164 A.
1935 3143 2024 3172 nerg.
2057 3143 2117 3164 om.
2149 3133 2185 3162 R.

354 3216 394 3218 ψ-
423 3198 546 3236 pthimn
573 3197 600 3225 A
629 3197 745 3235 (plltius
771 3198 801 3226 in
828 3198 924 3236 Iler.)
952 3198 1024 3226 mie.
1052 3196 1109 3239 Λγ.
