2283 3535
836 213 881 243 [N
909 214 1052 245 01111111.
1081 215 1139 245 111.
1170 219 1218 245 w.
1851 213 1930 251 >³29

223 334 261 372 4.
292 341 393 374 noct.
416 334 464 373 al)
487 334 610 375 mlult.
653 333 771 375 Belle
793 337 998 375 nocturnis
1022 334 1277 392 [adulteris]
1300 338 1398 390 quia
1420 339 1619 382 adulteris
1641 357 1721 382 nox
1744 349 1842 397 apta
1864 351 1936 384 cst.

224 406 260 447 5.
292 408 328 446 ss
354 422 432 448 non
466 409 665 466 :lcre'sfftem
698 424 734 448 u.
765 423 799 448 (t.
838 423 867 448 (¹.
893 424 935 463 p.
977 408 1088 463 lupp.
1128 425 1156 449 (¹.
1210 411 1243 450 Γ.
1283 412 1350 450 re'x.
1427 410 1584 454 Sensus
1615 422 1696 455 est:
1744 414 1937 457 Acrisius

108 477 219 519 filiae
238 493 335 519 suae
354 478 527 521 Danaes
558 480 805 534 pudicitiam
837 480 1159 535 diligentissime
1192 483 1465 533 custodiebat,
1504 486 1536 526 si
1568 502 1651 527 non
1673 488 1937 543 diligentiam

110 550 220 591 hanc
251 552 407 593 clusam
440 553 595 593 uellent
625 552 770 594 Venus
802 569 850 594 ac
881 553 1072 608 luppiter
1104 555 1142 595 111
1167 571 1313 597 aurum
1335 572 1494 598 uersus.
1557 558 1724 616 [Quod]
1763 563 1937 603 Pratum

108 624 274 666 uidetur
304 626 429 667 fuisse
461 626 716 668 concubitus.

226 699 262 738 ἑξ).
295 714 443 740 aurum
466 716 543 756 per
575 702 673 741 med.
706 702 763 741 fre
794 702 921 742 satell.
996 701 1043 741 111
1076 702 1152 742 hoc
1186 702 1265 743 iam
1304 719 1476 745 excessu
1516 705 1736 746 consilium
1775 712 1835 747 est
1873 708 1935 747 fa-

108 771 243 821 bulae,
277 788 401 827 quam
433 773 476 813 in
508 773 718 828 principio
751 773 900 828 posuit.

222 846 286 886 10.
319 847 488 887 concidit
510 848 677 901 (tamaris
701 848 849 901 Arqz'm'
868 847 1007 888 domus
1030 849 1074 888 ob
1098 849 1269 889 lucrum.
1330 848 1582 905 Amphiarai
1605 852 1778 902 scilicet,
1812 867 1935 907 quem

106 917 313 974 Eriphyle
344 934 449 961 uxor
480 927 677 975 corrupta
708 920 851 962 monili
882 934 1008 961 aureo
1040 921 1239 975 prodidit.

220 993 284 1033 14.
334 993 481 1048 diffidit
528 995 612 1034 urb.
656 1010 720 1049 po.
766 995 832 1035 uir
877 994 1057 1036 Macedo.
1136 994 1381 1050 Philippum
1429 996 1652 1051 significat,
1698 997 1933 1041 Alexandri

106 1064 259 1120 Magni
290 1074 465 1120 patrem.

220 1140 283 1180 15.
318 1141 381 1181 16.
413 1142 640 1196 inlaqueant
672 1142 804 1183 (luces.
865 1141 1129 1195 inlaqueant,
1162 1142 1205 1181 id
1236 1149 1309 1192 est,
1342 1143 1526 1197 capiunt.

221 1213 467 1255 Crescentem
498 1229 571 1269 seq.
605 1229 706 1255 eura
734 1230 876 1270 pacem.
950 1214 1240 1269 Reprehendit
1271 1231 1354 1266 cos,
1402 1217 1473 1271 qui
1503 1218 1721 1267 pecuniam
1761 1219 1795 1260 si
1833 1235 1932 1260 con-

105 1285 337 1339 cupiscunt,
369 1294 582 1341 tamquam
613 1287 823 1329 feliciores
853 1287 993 1337 futuri,
1026 1282 1124 1329 eum*
1151 1295 1266 1330 tanto
1288 1289 1382 1344 plus
1404 1290 1698 1331 sollicitudinis
1729 1306 1777 1333 ac
1809 1307 1932 1334 curae

103 1358 297 1410 habeant,
331 1368 485 1418 qu-anto
515 1360 650 1402 maior
681 1368 753 1402 est.

216 1435 488 1490 inae'orumque
517 1436 656 1489 sternes,
716 1433 1000 1476 Pecuniarum
1031 1435 1238 1476 maiorum
1270 1436 1447 1486 scilicet,
1486 1444 1524 1478 et
1555 1440 1702 1491 samem
1724 1453 1835 1480 nunc
1856 1454 1932 1494 pro

102 1505 311 1548 desiderio
342 1507 482 1562 posuit
511 1507 861 1562 niethaphoricos.
921 1506 1040 1549 Dicit
1072 1515 1223 1559 autem,
1262 1510 1373 1564 quod
1394 1526 1542 1551 reuera
1582 1511 1787 1563 uidemus,
1819 1520 1933 1555 tanto

102 1580 340 1635 cupidiores
371 1580 682 1635 amarioresque
713 1581 802 1622 fieri
834 1581 1037 1631 homines,
1071 1589 1226 1636 quanto
1258 1583 1351 1637 plus
1382 1584 1618 1639 adquirant.

215 1655 279 1694 21.
312 1664 459 1711 quanto
492 1657 652 1710 quisque
682 1655 759 1696 sibi
778 1656 908 1711 plura
939 1657 1148 1711 veyauerit
1179 1672 1202 1696 (ι
1235 1657 1310 1698 Dis
1334 1658 1465 1712 plura
1495 1659 1607 1712 feret.
1670 1658 1791 1700 Bella
1822 1660 1931 1700 rela-

101 1726 172 1776 tio,
205 1742 287 1782 qua
319 1728 541 1783 significat,
588 1743 630 1770 sc
663 1744 744 1769 non
778 1728 885 1770 inter
915 1744 1065 1771 auaros
1097 1730 1309 1771 numerari
1342 1731 1464 1781 uelle,
1513 1731 1612 1785 quia
1642 1747 1719 1774 nec
1750 1733 1840 1788 ipse
1871 1740 1932 1775 est

102 1816 265 1842 auarus.

214 1877 279 1915 23.
312 1883 346 1916 el
388 1877 603 1930 transficqa.
645 1877 724 1917 eliu.
763 1892 829 1932 pa.
876 1877 967 1931 [inq.
1015 1879 1146 1930 yeslio.
1228 1877 1522 1920 Pcrseuerauit
1570 1879 1611 1919 in
1659 1880 1930 1922 translatione

101 1949 317 2003 trtmsfuqa
348 1948 540 1998 dicendo,
575 1964 669 1990 cum
701 1964 828 2004 supra
860 1958 997 1991 eastra
1019 1959 1113 2006 peto
1144 1951 1329 1992 dixisset.

214 2023 278 2063 28.
311 2023 485 2077 Magnas
514 2025 619 2064 inter
649 2038 739 2079 opes
769 2024 893 2079 inops.
954 2022 1087 2073 Belle,
1119 2023 1218 2078 quia
1250 2024 1322 2079 qui
1352 2025 1527 2066 multum
1559 2025 1697 2077 habet,
1729 2027 1823 2082 plus
1855 2027 1928 2069 de-

100 2094 268 2145 siderat,
314 2096 433 2150 quasi
465 2096 536 2151 qui
566 2096 689 2151 inops
720 2103 802 2138 est:
849 2111 927 2138 nec
957 2097 1068 2137 enim
1098 2097 1237 2145 habet,
1285 2098 1397 2152 quod
1427 2099 1528 2149 uult,
1575 2099 1695 2141 sicuti
1728 2100 1799 2155 qui
1830 2115 1928 2143 uere

99 2167 246 2223 inopes
277 2176 382 2210 sunt.

213 2244 390 2284 29—31.
424 2244 559 2285 Petrae
591 2245 709 2285 riuus
739 2258 863 2300 aquae
885 2269 937 2273 —
957 2245 1072 2298 fallet
1102 2252 1205 2285 sorte
1227 2245 1388 2286 beatior.
1450 2244 1606 2288 Sensus
1628 2254 1710 2288 est:
1747 2245 1927 2302 Agellus

99 2329 215 2357 meus
246 2317 438 2370 quamuis
470 2318 587 2358 oneri
618 2317 720 2358 mihi
752 2317 817 2367 sit,
849 2316 1164 2371 locupletiorem
1197 2332 1262 2357 mc
1294 2324 1433 2359 tamen
1464 2319 1576 2369 facit,
1608 2319 1713 2360 nihil
1745 2320 1925 2375 amplius

99 2388 257 2430 scilicet
288 2389 609 2440 desiderantem,
642 2405 768 2444 quam
799 2390 869 2431 ille
900 2397 973 2439 est,
1006 2389 1077 2444 qui
1100 2389 1178 2431 sibi
1200 2390 1336 2432 clarus
1358 2391 1537 2442 uidetur,
1570 2393 1681 2447 quod
1702 2393 1927 2434 latissimas

99 2461 332 2516 multasque
362 2463 514 2505 habeat
549 2464 591 2504 in
629 2463 779 2505 Africa
815 2464 1120 2519 possessiones3
1166 2464 1245 2505 hoc
1282 2479 1385 2520 ergo
1425 2466 1582 2507 fallitur
1617 2467 1687 2508 ille
1727 2466 1942 2521 locuples„

99 2534 211 2588 quod
243 2549 285 2576 se
316 2534 545 2577 beatiorem
576 2536 743 2578 iudicet.

215 2644 247 2682 1)
284 2645 367 2675 uelle
391 2645 442 2682 M,
481 2650 516 2675 ut
542 2656 637 2683 supra
665 2647 793 2684 saepius
819 2657 875 2685 pro
900 2646 986 2676 belle.
1013 2656 1083 2676 uere
1108 2647 1144 2676 R.
1172 2649 1242 2677 rell.
1270 2658 1345 2678 auro
1371 2649 1484 2687 (aureo
1510 2650 1561 2689 fh)
1588 2655 1640 2680 ant
1670 2660 1736 2689 pec.
1775 2668 1813 2672 ——
1853 2656 1925 2681 noct

99 2710 158 2729 om.
186 2701 216 2729 2.
253 2710 314 2730 11011
352 2711 431 2738 opus
469 2705 517 2730 est
555 2703 662 2740 legere
688 2703 863 2733 ministeriis.
890 2704 930 2733 ef.
959 2714 1055 2742 supra
1080 2715 1110 2733 u.
1139 2706 1197 2734 33:
1237 2706 1328 2735 flores
1353 2708 1421 2744 apti
1449 2708 1575 2745 apibus.
1637 2706 1671 2746 3)
1709 2717 1784 2738 suae
1820 2708 1923 2738 MAR.

98 2757 168 2785 rell.
195 2767 254 2786 0111.
304 2776 344 2778 -ὴ
394 2758 564 2788 custodiuit
588 2760 666 2796 2,1·v.
692 2760 882 2789 custodiebat
904 2761 940 2789 R.
979 2760 1155 2790 custodibat
1183 2761 1226 2790 M.
1254 2763 1447 2792 custodisset
1471 2762 1568 2798 ath.
1633 2765 1667 2803 4)
1699 2774 1867 2794 conuersus
1894 2766 1922 2794 2.

98 2814 249 2850 praetium
274 2813 318 2843 M.
344 2815 427 2852 quod
453 2824 513 2844 0111,
540 2815 640 2852 MR,1·.
667 2815 722 2853 qui
746 2818 774 2844 2.
825 2817 859 2855 6)
887 2826 1037 2846 excessus
1062 2816 1134 2845 MR.
1161 2816 1270 2847 fabula
1292 2818 1386 2847 MR2.
1437 2819 1471 2857 9)
1499 2823 1570 2856 post
1595 2819 1699 2849 monili
1721 2821 1859 2859 interpo.
1886 2822 1922 2850 2:

98 2870 181 2908 quod
207 2871 245 2899 ab
271 2871 360 2908 orgia
384 2872 534 2908 polinicis
560 2881 660 2901 uxore
686 2877 864 2910 acceperat.
891 2874 1005 2912 erifylc
1022 2873 1064 2902 M.
1092 2874 1227 2911 eriphile
1243 2875 1271 2903 2.
1323 2875 1378 2913 10)
1405 2876 1503 2912 filipp.
1522 2875 1565 2903 M.
1616 2874 1672 2915 14)
1698 2876 1855 2907 felitiores
1880 2877 1922 2906 M.

97 2943 139 2947 -—
164 2936 280 2956 currae
303 2927 346 2956 M.
373 2932 492 2965 quanto
529 2929 679 2957 maiorem
716 2930 885 2966 pecuniam
921 2931 1091 2968 acquirant
1116 2930 1161 2959 fh.
1212 2930 1268 2968 17)
1295 2930 1404 2960 metas.
1431 2931 1475 2960 M.
1528 2931 1584 2970 18)
1611 2932 1683 2970 adq.
1709 2932 1753 2963 M.
1804 2934 1860 2972 19)
1887 2934 1923 2962 In

97 2982 168 3012 MR.
189 2983 252 3012 hal.
278 2983 430 3021 leguntur
454 2985 553 3013 verba
580 2985 692 3013 Sensus
716 2989 765 3022 est,
793 2995 872 3023 quae
898 2985 983 3015 infra
1008 2990 1082 3015 ante
1096 2996 1126 3015 u.
1148 2987 1187 3014 28
1215 2987 1379 3015 iterantur.
1405 2987 1491 3016 Hinc
1517 2997 1625 3017 omnes
1651 2990 1780 3019 serioris
1805 2991 1923 3019 aetatis

99 3039 183 3076 libri,
210 3049 311 3069 errore
337 3041 460 3070 librarii
487 3042 743 3071 homoeoteleuto
769 3042 905 3080 decepti,
933 3043 1056 3072 scholia
1082 3043 1275 3080 interposita
1299 3043 1486 3073 omiserunt.
1538 3044 1595 3083 22)
1622 3045 1823 3083 transfugam
1846 3046 1921 3075 MA.

98 3094 266 3133 transfuga
290 3097 382 3133 posui
408 3106 447 3126 ex
467 3097 543 3126 Hor.
570 3097 608 3126 cf.
628 3098 667 3126 H.
686 3098 844 3134 Stephani
863 3103 917 3128 uet
934 3100 990 3128 lib.
1010 3109 1038 3136 p.
1058 3100 1129 3127 159.
1180 3100 1236 3137 24)
1262 3099 1330 3127 Non
1356 3101 1439 3128 enim
1465 3101 1496 3129 h.
1522 3111 1551 3138 q.
1577 3111 1606 3130 v.
1624 3102 1699 3131 sicvt
1714 3112 1768 3132 -nec
1794 3103 1830 3134 ii,
1850 3103 1920 3132 Vet.

98 3150 152 3178 lib.
179 3151 218 3179 H.
245 3151 403 3189 Stephani
430 3153 449 3181 l.
476 3154 496 3182 1.
562 3154 619 3192 29)
647 3154 833 3183 desiderans
858 3154 919 3183 rfh.
983 3172 986 3174 -
1015 3159 1062 3183 est
1086 3164 1145 3183 om.
1173 3156 1201 3184 2.
1240 3173 1280 3175 -ff-
1318 3156 1484 3185 uideretur
1509 3156 1553 3185 fh.
1616 3158 1673 3195 30)
1700 3158 1832 3188 habehat
1856 3158 1921 3188 afli.

97 3205 183 3235 habet
206 3206 250 3236 M.
278 3208 347 3237 rell.
372 3208 491 3238 habeat.
540 3209 677 3247 Aphrica
700 3209 745 3240 fh.

1962 1009 2001 1039 ie

1964 1376 1998 1405 17)

1958 1743 1998 1774 20

1951 2476 1993 2507 30
