2283 3535
275 643 292 673 αἱ

279 1006 318 1037 10

274 1370 314 1400 15

342 211 425 251 394
980 220 1087 253 ACR.
1113 220 1174 252 ET
1198 219 1364 252 PORPH.
1391 219 1537 252 COMM.

454 344 520 384 38.
554 344 661 383 testis
692 344 926 386 Metaurum
953 343 993 398 sl.
1074 341 1294 383 Metaurus
1337 341 1489 382 fluuius
1536 341 1617 397 [est
1662 340 1714 381 de
1758 340 1907 380 Piceni
1950 341 2171 395 prouincia

341 415 493 465 oriens,
523 415 568 455 in
612 414 869 455 Flaminiam
913 415 1153 464 decurrens,
1201 429 1307 468 quae
1352 414 1471 468 regio
1518 412 1663 455 Gallia
1701 412 1939 468 dicebatur]
1988 412 2170 455 Galliae.

339 487 472 529 Juxta
500 487 612 528 hune
641 486 816 528 fluuium
848 485 1052 528 Claudius
1082 485 1196 527 Nero
1228 486 1373 528 consul
1405 501 1499 527 cum
1533 484 1771 527 Salinatore
1804 485 1966 540 collega
2007 500 2080 526 suo
2111 485 2170 526 ita

339 559 668 610 Hasdrubalem,
699 559 957 601 Hannibalis
988 560 1172 608 fratrem,
1213 559 1256 598 in
1272 558 1439 599 Italiam
1461 558 1617 599 auxilio
1638 558 1759 599 fratri
1789 573 1991 613 magnum
2011 558 2172 599 exerci-

340 640 427 674 tum
463 633 739 674 deducentem
775 632 944 681 deuicit,
988 638 1031 672 ut
1067 646 1146 672 nec
1176 631 1408 685 profectum
1439 645 1461 671 e
1502 630 1648 672 eastris
1680 630 1892 671 consulem
1930 630 2164 680 Hannibal,

342 706 443 747 dum
473 707 516 746 in
547 713 773 760 conspeetu
804 712 941 746 castra
971 703 1219 745 muniuisset
1247 717 1325 743 nee
1355 717 1569 743 reuersum
1600 710 1695 743 ante
1727 710 2014 758 cognosceret,
2045 717 2173 757 quam

340 779 485 820 fratris
516 786 641 833 caput
679 784 775 818 ante
812 784 947 818 castra
984 776 1218 831 proiectum
1254 782 1294 816 et
1332 776 1384 816 de
1423 776 1610 817 exercitu
1647 776 1736 817 eius
1775 775 1943 818 Poenos
1982 775 2173 830 captiuos

341 852 537 900 uidisset,
570 865 651 905 quo
682 850 792 891 bello
824 864 950 904 supra
982 849 1166 904 quinque
1197 856 1238 889 et
1266 849 1550 904 quadraginta
1579 849 1696 889 milia
1725 848 2011 890 Hasdrubalis
2041 862 2172 889 exer-

343 924 447 965 citus
478 938 600 964 caesa
630 924 831 964 feruntur.

455 998 522 1038 40.
555 997 737 1038 tenebris.
801 997 1002 1038 Tenebras
1032 1011 1110 1051 pro
1140 994 1346 1036 Afrorum
1377 1001 1535 1036 terrore
1567 995 1684 1035 dixit.

453 1071 520 1110 41.
553 1071 623 1125 qui
640 1084 685 1126 p.
716 1085 752 1109 α.
784 1084 817 1110 r.
849 1084 885 1110 α.
945 1069 1106 1110 Adoreo.
1136 1068 1226 1109 laus
1257 1067 1409 1109 bellica
1438 1067 1683 1116 uocabatur,
1715 1081 1764 1108 eo
1796 1067 1908 1121 quod
1937 1067 2118 1109 uictores
2148 1082 2174 1108 a

340 1142 463 1184 uictis
493 1142 781 1184 adorarentur.

453 1216 520 1257 43.
554 1231 626 1257 eeu
653 1216 694 1271 fl.
722 1231 761 1271 p.
795 1223 819 1256 t.
879 1213 981 1255 Post
1013 1213 1177 1254 cladem
1206 1213 1349 1254 fratris
1378 1214 1525 1268 fugam
1555 1213 1757 1254 describit
1786 1212 2058 1255 Hannibalis.

452 1290 520 1331 45.
552 1289 738 1330 secundis
768 1303 809 1328 u.
842 1288 868 1328 l.
927 1286 979 1327 In
1008 1286 1175 1327 laudem
1202 1285 1349 1336 Drusi,
1382 1286 1454 1340 qui
1484 1286 1535 1326 de
1555 1285 1737 1327 Neronis
1768 1300 1924 1341 genere
1955 1285 2172 1327 descendit

341 1368 382 1403 et
411 1378 435 1403 a
466 1377 548 1417 quo
578 1359 825 1402 Hasdrubal
855 1360 1016 1402 occisus
1055 1359 1146 1409 fuit,
1178 1366 1488 1409 commemorat,
1534 1365 1575 1400 et
1615 1374 1639 1400 a
1678 1358 1847 1401 Nerone
1885 1358 2174 1400 Hannibalem

340 1435 425 1476 iam
455 1441 615 1476 motum
645 1433 818 1489 fugisse,
866 1439 906 1474 et
937 1432 1120 1474 creuisse
1148 1431 1374 1473 Romanos.

453 1509 520 1549 47.
553 1508 740 1550 tumultu.
802 1505 1000 1548 Clamore
1022 1505 1188 1555 bellico,
1218 1512 1263 1546 ut
1294 1503 1371 1560 (G.
1392 1504 1427 1555 Ι,
1450 1505 1575 1560 464):
1607 1506 1671 1546 ille
1702 1506 1823 1546 etiam
1854 1519 1992 1546 caecos
2021 1506 2173 1546 instare

340 1581 537 1623 tumultus
568 1581 692 1636 Saepe
720 1588 860 1621 monet.

457 1742 491 1780 1)
520 1745 568 1771 est
594 1751 654 1771 om.
680 1741 799 1776 AR2‚1·.
826 1741 865 1769 de
891 1741 996 1778 piceni
1023 1749 1111 1777 prou.
1163 1756 1203 1759 ——
1251 1739 1419 1767 dicebatur
1443 1738 1511 1767 AR.
1540 1738 1713 1778 (flamina),
1750 1750 1770 1769 v
1805 1739 1997 1778 (flaminam)
2030 1738 2115 1768 cafh.
2141 1738 2172 1767 fl.

338 1797 448 1837 ‹Jallt'ae
472 1797 637 1835 cisalpinae
663 1798 757 1826 iuxta
783 1798 812 1826 2.
839 1796 868 1825 fl.
895 1797 1023 1834 galliae.
1048 1796 1106 1824 alii
1132 1795 1244 1824 dicunt
1269 1795 1380 1823 italiae
1405 1794 1448 1832 gl.
1475 1804 1500 1836 γ.
1527 1796 1555 1824 fl.
1584 1800 1632 1825 est
1658 1796 1775 1834 galliae
1801 1806 1894 1833 super
1920 1804 2014 1833 quem
2038 1795 2173 1824 hasdru-

339 1854 391 1883 bal
416 1853 454 1883 fr.
482 1854 669 1883 hannibalis
695 1852 886 1883 interfectus
913 1856 961 1881 est
988 1853 1046 1881 sub
1072 1861 1169 1880 manu
1195 1851 1283 1880 drusi
1308 1851 1338 1880 b.
1366 1851 1469 1880 amnis
1496 1851 1622 1881 Galliae
1655 1852 1771 1890 Porph.
1805 1852 1834 1880 fl.
1860 1852 1899 1880 de
1932 1852 2103 1890 prouincia
2120 1850 2172 1890 pi-

338 1910 405 1940 ceni
427 1910 548 1940 orientis
574 1911 608 1939 in
632 1910 662 1938 ss.
689 1909 814 1947 (Forum
840 1906 1061 1947 Flaminizmz‘?)
1088 1918 1111 1936 r.
1130 1908 1159 1936 tl.
1179 1917 1214 1936 ar
1231 1906 1340 1936 Piceni
1350 1907 1466 1945 finibus
1492 1908 1609 1944 oriens,
1637 1910 1669 1938 in
1686 1909 1879 1938 Flaminiam
1897 1907 2037 1938 decurrit
2055 1907 2173 1937 Galliae

345 1968 474 2006 Toyatae
498 1967 658 2006 reqionem.
686 1965 721 1995 C.
749 1965 795 2000 Q:
823 1966 988 1995 “Priorem
1015 1968 1139 2002 partem
1163 1964 1257 1993 valde
1284 1964 1450 1993 obscuram
1475 1974 1537 1993 non
1563 1966 1735 1995 adsecutus
1762 1965 1865 1994 sum.‘’
1912 1965 2010 1994 Varia
2035 1965 2074 1994 de
2090 1964 2122 1993 h.
2148 1964 2170 1992 l.

341 2029 587 2062 temptaueram,
614 2024 671 2053 sed
695 2033 780 2052 nune
806 2023 897 2060 posui
927 2022 1054 2052 Galliae.
1103 2022 1164 2050 Est
1190 2025 1298 2050 antem
1325 2020 1433 2050 Gallia
1458 2022 1645 2059 quaestoria
1670 2030 1693 2050 s.
1726 2022 1893 2059 prouincia
1919 2020 2055 2050 Gallica.
2082 2019 2170 2049 Suet.

341 2080 454 2112 Claud.
484 2082 534 2110 24.
561 2080 688 2110 Galliae
713 2080 888 2117 Picenique
914 2078 1006 2108 Caes.
1034 2078 1071 2107 B.
1100 2077 1137 2107 G.
1164 2078 1188 2115 Ι,
1216 2079 1268 2109 29.
1319 2078 1354 2116 3)
1383 2079 1429 2107 ita
1453 2077 1673 2122 Amammc.
1701 2088 1761 2107 om.
1790 2088 1814 2107 r.
1864 2077 1899 2115 5)
1925 2077 1968 2106 ita
1993 2077 2114 2106 deuicit
2140 2079 2172 2105 et

341 2137 505 2167 interfecit
530 2136 640 2167 vcafh.
667 2137 795 2165 asdrub.
825 2139 853 2165 et
880 2135 996 2171 hasar„
1022 2135 1162 2163 Hannib.
1191 2138 1221 2163 et
1246 2135 1357 2163 annib.
1375 2134 1414 2163 A.
1441 2134 1574 2162 hannib.
1601 2138 1632 2163 et
1657 2143 1732 2162 ann.
1751 2143 1776 2175 γ.
1803 2134 1900 2170 (mib.,
1926 2134 2031 2162 rarius
2056 2133 2169 2162 hanib.

340 2194 370 2222 b.
395 2202 410 2222 e
435 2193 550 2222 castris
575 2191 685 2229 AR‚C.
711 2192 782 2221 rell.
809 2200 845 2220 ea:
871 2191 996 2220 castris.
1062 2190 1096 2228 6)
1122 2189 1309 2220 meminisset
1334 2189 1370 2218 R.
1397 2189 1549 2219 munisset
1574 2189 1702 2220 Cvmea.
1729 2190 1903 2219 munissent
1934 2198 1957 2218 r.
1990 2187 2172 2218 minuissent

340 2247 380 2277 A.
407 2248 573 2278 minuisset
604 2248 643 2284 G,
675 2248 722 2277 fh.
756 2247 885 2276 locasset
921 2247 950 2275 2.
984 2250 1229 2284 recognosceret
1265 2244 1427 2281 RlGffca.
1494 2246 1527 2283 7)
1565 2245 1596 2274 ἱη
1632 2250 1737 2275 castra
1769 2243 2071 2284 R1(G‘?),rmvcaQ.
2103 2248 2172 2273 ante

339 2307 446 2333 castra
470 2303 587 2341 A‚th‚
616 2303 699 2332 (tons.
726 2303 840 2340 Por-pb.
868 2302 906 2331 ad
933 2312 961 2330 u.
990 2304 1039 2331 70.
1089 2300 1125 2340 8)
1150 2301 1180 2330 in
1206 2302 1293 2329 milia
1319 2301 1437 2330 Hasdr.
1465 2303 1604 2331 exercita
1629 2301 1674 2331 fh.
1742 2302 1797 2340 10)
1824 2301 1964 2331 tenebris
1989 2310 2046 2338 pro
2071 2304 2170 2330 astro-

339 2369 407 2389 rum
435 2359 598 2398 (asnorum
625 2360 659 2398 2)
687 2364 807 2389 terrore
831 2358 870 2387 A.
897 2358 984 2387 dixit
1010 2368 1070 2386 om.
1097 2357 1136 2386 A.
1163 2360 1292 2395 propter
1317 2360 1469 2385 terrorem
1500 2362 1530 2386 et
1555 2367 1729 2387 maerorem
1755 2357 1789 2388 C.
1854 2357 1909 2395 11)
1942 2357 2052 2386 bellica
2079 2366 2170 2386 uoca-

340 2417 433 2445 batur
457 2415 576 2450 AR2,r.
603 2414 729 2453 publica
754 2414 915 2443 dicebatur
940 2413 1110 2448 mvcath.
1136 2412 1215 2454 γ1),Ο
1241 2413 1379 2441 babent:
1417 2412 1539 2442 Adorea
1565 2414 1683 2442 dicitur
1708 2414 1777 2442 lans
1803 2413 1907 2442 bellica
1932 2414 2007 2451 quia
2032 2413 2170 2442 adoran-

339 2471 396 2500 dos
422 2471 501 2500 facit
526 2472 599 2500 illos
626 2471 678 2508 qui
705 2471 851 2499 uincunt.
879 2478 911 2498 ct
937 2473 985 2499 est
1012 2479 1124 2499 sensus
1153 2469 1228 2497 iste:
1255 2469 1350 2497 testis
1366 2471 1414 2496 est
1432 2469 1496 2497 iste
1514 2470 1582 2499 dies
1609 2474 1766 2507 quantum
1792 2470 1926 2499 debetur
1945 2469 2060 2507 (debes
2076 2472 2113 2497 tu
2132 2467 2168 2498 O.

339 2532 458 2566 quanto
473 2528 568 2557 debes
583 2531 619 2556 tu
633 2528 666 2566 b)
682 2528 868 2557 nei-onibus.
888 2527 941 2564 qui
957 2527 1026 2555 risit
1043 2526 1159 2555 adorea
1178 2529 1308 2562 propter
1324 2534 1498 2562 poenorum
1516 2525 1636 2563 fugam.
1654 2526 1780 2555 Adorea
1798 2526 1926 2563 proprie
1937 2526 2056 2554 dicitur
2064 2525 2168 2554 uirtus

339 2585 453 2614 bellica
470 2585 540 2614 siue
557 2585 637 2613 laus.
661 2584 818 2623 [militum
836 2584 909 2621 quin
928 2583 1096 2611 adoramus
1115 2591 1183 2611 eam
1202 2586 1273 2619 post
1290 2582 1461 2611 uictoriam
1479 2585 1538 2611 etc.
1559 2587 1617 2611 ete.
1636 2581 1685 2620 b].
1712 2582 1747 2610 Id
1767 2586 1826 2619 est,
1844 2586 1916 2620 post
1940 2582 2063 2611 uictum
2087 2581 2168 2610 han-

338 2642 478 2671 nibalem
504 2641 666 2679 prosperis
692 2641 785 2669 rebus
810 2640 911 2669 creuit
937 2648 1033 2669 roma.
1060 2638 1185 2675 Fugato
1211 2638 1361 2667 annibale
1387 2642 1417 2667 et
1443 2639 1548 2668 occiso
1574 2639 1765 2668 hasdrubale
1791 2638 1974 2676 prosperius
1999 2646 2095 2676 agere
2119 2646 2169 2666 ce-

338 2707 413 2735 pere
438 2699 572 2728 romani.
601 2715 640 2718 —
666 2698 685 2727 b
712 2698 842 2734 insuper
868 2698 965 2726 habet
989 2697 1125 2725 haecve:
1164 2695 1251 2724 Ador
1275 2704 1377 2732 genus
1406 2698 1453 2723 est
1480 2695 1593 2732 optimi
1618 2694 1714 2723 farris
1746 2693 1779 2731 (a
1807 2695 1868 2723 lm.
1894 2694 1935 2723 ad
1960 2703 2063 2731 marg.
2091 2693 2168 2722 ador

339 2754 398 2783 hoc
424 2758 473 2784 est
499 2751 714 2791 frumentum)
751 2753 833 2791 qnod
860 2754 890 2782 in
917 2753 1075 2782 sacrificio
1102 2752 1288 2789 ponebatur.
1337 2751 1431 2780 Unde
1456 2752 1539 2787 nil-g.
1575 2750 1629 2790 (A.
1656 2750 1727 2787 vn,
1759 2749 1854 2788 1.09):
1892 2750 2007 2779 adorea
2030 2749 2091 2779 liba
2108 2758 2168 2787 per

339 2809 450 2839 erbam.
477 2811 535 2839 sed
559 2810 617 2839 hoc
643 2810 711 2839 loeo
737 2810 852 2837 adorea
879 2812 953 2837 sunt
981 2808 1093 2837 laudes
1119 2808 1336 2838 uictoriarum.
1363 2807 1444 2836 dicit
1470 2816 1561 2843 ergo:
1588 2807 1643 2835 ille
1669 2807 1738 2835 dies
1756 2815 1818 2843 qno
1836 2806 1985 2835 asdrubal
2003 2805 2100 2843 periit
2124 2805 2167 2834 ri-

340 2866 383 2894 sit
410 2866 469 2894 hoe
494 2870 542 2894 est
568 2866 717 2902 despexit
745 2865 857 2893 laudes
884 2864 1032 2893 anibalis.
1060 2873 1138 2900 quas
1165 2864 1203 2892 de
1229 2863 1367 2892 romanis
1401 2863 1495 2891 uictis
1521 2863 1625 2892 uictor
1655 2863 1731 2892 olim
1768 2865 1945 2899 acceperat.
2012 2861 2067 2898 13)
2092 2864 2167 2898 post

338 2921 456 2950 laudem
480 2920 744 2957 AR21G7mnvca.
772 2923 843 2958 post
869 2920 990 2949 cladem
1015 2920 1093 2954 th.
1163 2920 1216 2957 14)
1242 2919 1354 2956 vulgo:
1388 2919 1565 2954 descendit,
1591 2922 1798 2947 commemora!
1821 2927 1857 2946 ex
1881 2927 1953 2955 quo.
2021 2917 2075 2956 15)
2101 2925 2164 2947 oce.

326 2976 396 3014 fuit
419 2977 478 3006 RQ.
505 2978 574 3006 rell.
600 2981 650 3005 est.
676 2977 703 3012 Q
729 2976 844 3005 inculc.
869 2976 914 3005 sit.
941 2994 982 2996 w*
1008 2980 1233 3005 commemorat
1259 2975 1289 3003 h.
1316 2975 1337 3003 l.
1363 2975 1527 3003 collumni.
1555 2978 1585 3003 et
1611 2984 1627 3003 e
1652 2983 1770 3004 nerone
1794 2973 1943 3010 R12,mv.
1975 2973 2040 3001 rell.
2066 2981 2083 3001 a
2110 2981 2166 3001 ne-

337 3042 416 3062 rone
441 3037 483 3062 et.
510 3033 616 3061 Hann.
644 3033 706 3061 iam
731 3036 876 3061 mortuum
893 3031 1128 3068 Rl‘2G‚r1nvae.
1149 3031 1238 3068 posui
1266 3031 1328 3058 iam
1355 3034 1469 3059 motum.
1496 3031 1604 3059 annib.
1633 3031 1694 3059 iam
1724 3039 1831 3059 morae
1846 3029 1884 3058 A.
1911 3029 1972 3058 iam
1998 3028 2166 3058 marcidam

338 3088 416 3123 shQ.
456 3106 495 3109 -—-
534 3098 619 3118 omn.
647 3089 720 3117 libri
735 3088 856 3127 sit-isse.
885 3086 1142 3126 scripsifiqsisse.
1169 3086 1249 3115 conf.
1276 3096 1305 3115 u.
1334 3087 1386 3115 52.
1414 3087 1469 3127 γ1);
1507 3086 1627 3115 Volens
1654 3095 1728 3123 ergo
1761 3085 1929 3114 ostendere
1953 3085 2089 3114 multum
2114 3094 2165 3114 ro-

338 3145 441 3174 manis
468 3144 562 3182 (rom.
590 3153 650 3173 om.
676 3145 708 3185 γ)
733 3144 864 3173 drusum
890 3144 1075 3181 praebuisse
1113 3142 1255 3180 (proban.
1281 3139 1328 3180 b.)
1365 3142 1409 3170 ait
1436 3142 1557 3180 eapulso
1581 3141 1755 3171 hannibale
1789 3141 1893 3179 (anib.
1928 3140 1962 3179 b)
1998 3149 2123 3179 semper
2146 3149 2166 3170 a

340 3201 481 3230 romanis
506 3201 588 3230 bene
612 3204 732 3237 pugnat
742 3210 802 3228 uni.
