2283 3535
333 185 428 227 XII
920 196 1155 228 ADDENDA
1181 198 1240 229 ET
1266 196 1584 230 CORRIGENDA.

642 318 784 374 Carpe
814 320 906 363 uias
936 321 1049 362 uitae
1082 320 1243 362 culmen
1272 320 1444 362 honoris
1476 336 1565 362 aue.

640 392 703 434 Te
735 393 855 435 decet
887 409 1010 436 omne
1041 394 1168 435 decus
1199 393 1364 436 bonitas
1396 393 1582 436 bonitate
1611 395 1795 436 tonantis

642 467 744 508 Dum
776 468 971 522 leodfricle
1000 474 1149 522 potens
1180 474 1221 508 te
1251 467 1372 509 decet
1401 483 1524 509 omne
1556 468 1684 510 decus

641 539 734 582 Pax
764 541 838 582 tibi
870 541 1005 596 sitque
1037 541 1148 582 salus
1180 540 1271 582 redi
1301 556 1378 596 per
1408 557 1619 583 marmora
1651 541 1761 583 salsa

641 613 727 656 Per
756 629 872 656 mare
903 621 1014 656 tutus
1045 629 1127 657 eas.
1158 629 1244 670 pax
1273 614 1350 656 tibi
1382 615 1518 670 sitque
1549 615 1673 657 salus.

434 703 472 730 u.
508 689 581 729 11:
640 687 780 729 Pollet
810 687 883 729 ubi
914 688 1095 743 populus
1127 687 1297 729 caelesti
1326 688 1525 744 lumine†)
1557 688 1747 743 gaudens

643 759 713 802 Sis
745 761 851 802 caeli
883 761 1001 802 ciuis.
1033 761 1163 816 pollet
1193 761 1267 803 ubi
1297 761 1491 817 populus.

432 849 470 875 u.
505 835 570 874 17:
633 833 814 876 Sanctus
845 841 883 875 et
914 833 1150 877 ambrosius
1180 842 1219 876 te
1250 835 1376 877 ducat
1406 842 1483 877 etc.

346 922 386 948 u.
410 908 461 948 21
486 914 525 949 et
547 909 612 949 22.
645 906 821 963 Optime
852 908 1000 950 ductor
1031 923 1108 950 aue
1140 908 1253 950 dicat
1284 909 1405 964 polus
1435 908 1632 963 undaque
1663 909 1785 950 tellus

643 980 810 1023 Cuncta
841 981 1048 1023 elementa
1079 989 1237 1023 sonent.
1270 982 1427 1037 optime
1458 983 1607 1024 ductor
1638 997 1729 1024 aue.

332 1052 425 1095 Iam
456 1053 679 1110 aliquoties
710 1055 906 1110 equidem
936 1054 1108 1097 uberius
1138 1055 1190 1096 de
1220 1055 1300 1097 hoc
1331 1056 1477 1097 codice
1508 1055 1707 1098 disserui:
1743 1057 1778 1097 1.
1814 1055 1866 1096 In
1898 1054 2029 1096 ‘Neue
2051 1054 2171 1096 Iahr-

334 1127 494 1170 biicher
523 1128 592 1170 fiir
621 1127 774 1170 Philol.
807 1144 846 1170 u.
877 1128 1066 1185 Paedag.
1099 1128 1221 1170 VIII.
1244 1129 1324 1171 vol.
1346 1128 1504 1180 XXII,
1535 1130 1560 1170 3
1593 1130 1744 1186 (1838)
1765 1144 1806 1185 p.
1828 1129 2066 1179 338-349‚
2097 1128 2172 1170 ubi

334 1202 539 1257 quosdam
571 1217 734 1245 errores
767 1201 921 1244 Orellii
951 1202 996 1243 in
1027 1202 1311 1258 descriptione
1343 1209 1468 1258 atque
1498 1202 1543 1244 in
1563 1202 1755 1245 lectionis
1776 1203 1979 1244 uarietate
2009 1202 2173 1244 correxi

335 1282 378 1317 et
407 1275 499 1331 ipse
530 1276 712 1330 primam
745 1277 998 1318 collationem
1029 1290 1167 1318 eoram
1197 1292 1296 1332 quae
1318 1292 1369 1318 ex
1390 1276 1488 1318 Arte
1511 1278 1671 1333 poetica
1694 1285 1809 1333 atque
1831 1292 1883 1318 ex
1910 1276 2169 1318 Sermonz'bus

333 1351 482 1397 insunt,
514 1349 676 1405 publici
707 1350 811 1392 iuris
840 1349 934 1392 feci.
968 1352 1005 1391 2.
1036 1349 1088 1390 In
1117 1349 1261 1392 libello
1292 1364 1385 1391 meo
1416 1350 1468 1390 de
1502 1348 1662 1392 Codice
1694 1349 1910 1392 Heiniano
1941 1349 2030 1391 siue
2064 1349 2173 1390 Bar-

336 1423 564 1465 cellonensi
594 1439 635 1479 p.
670 1424 849 1474 16--19,
888 1424 939 1465 de
970 1423 1184 1466 ueteribus
1215 1423 1466 1466 accusatiuis
1496 1423 1540 1464 in
1571 1425 1605 1465 is
1639 1430 1678 1465 et
1709 1423 1761 1465 de
1792 1423 1886 1465 aliis
1923 1423 2046 1465 huius
2075 1422 2174 1465 libri

335 1497 555 1553 scripturis
586 1497 687 1538 dixi.

447 1569 519 1612 De
550 1570 691 1612 indole
722 1577 763 1612 et
802 1571 955 1612 uirtute
995 1570 1152 1613 codicis
1191 1570 1359 1627 plenius
1399 1571 1444 1612 in
1480 1571 1655 1615 historia
1694 1577 1830 1613 textus
1871 1586 1909 1627 q.
1950 1586 1990 1613 u.
2029 1570 2175 1613 critica

337 1643 510 1687 Horatii
541 1644 700 1686 dictum
731 1646 848 1700 est.*)

427 1719 493 1760 10.
527 1716 766 1774 Supersunt
788 1719 942 1761 codices
965 1720 1227 1769 Parisz'enses‚
1260 1733 1438 1774 quorum
1458 1718 1594 1760 maior
1614 1733 1726 1774 pars,
1750 1724 1952 1774 quantum
1980 1718 2176 1774 equidem

337 1792 437 1842 scio,
484 1791 622 1834 adhuc
652 1792 799 1848 ignota
834 1791 966 1833 latuit.
1029 1791 1148 1845 Quos
1185 1792 1285 1847 quia
1329 1793 1373 1835 in
1417 1792 1522 1835 locis
1567 1792 1890 1844 difficilioribus,
1931 1792 2005 1834 ubi
2050 1792 2175 1834 lectio

336 1864 522 1908 Acronis
543 1865 611 1907 uel
631 1865 941 1921 Porphyrionis
963 1866 1255 1908 constituenda
1276 1874 1377 1918 erat,
1409 1882 1494 1909 non
1524 1882 1634 1918 raro,
1655 1873 1701 1908 ut
1720 1881 1800 1922 par
1820 1866 1911 1917 fuit,
1933 1866 1977 1907 in
1998 1873 2175 1922 partem,

335 1938 501 1989 uocaui,
533 1939 659 1980 etiam
691 1939 742 1980 de
773 1939 838 1981 his
868 1939 1054 1981 breuiter
1084 1939 1290 1982 disserere
1320 1940 1404 1982 mei
1434 1940 1562 1982 officii
1592 1940 1712 1982 duco.

448 2012 713 2055 Vetustiores
744 2013 923 2064 codices,
955 2021 1000 2055 ut
1031 2021 1204 2063 constat,
1241 2015 1309 2057 Ch.
1340 2015 1626 2070 Vanderbourq
1656 2014 1885 2056 maximam
1906 2021 2070 2070 partem
2092 2013 2175 2056 cir-

337 2087 619 2143 cumspectius
650 2087 835 2142 quidem,
867 2087 1008 2143 inpari
1043 2095 1184 2130 tamen
1220 2088 1443 2144 diligentia
1474 2094 1514 2129 et
1545 2103 1645 2129 cura
1676 2088 1730 2129 ad
1769 2086 1972 2129 Carmina
2003 2087 2175 2129 exami—

338 2160 457 2202 nauit
487 2167 611 2216 atque
643 2176 754 2203 anno
794 2163 903 2203 1812
948 2177 1033 2202 una
1081 2176 1176 2203 cum
1221 2161 1491 2204 translatione
1524 2160 1694 2204 Gallica
1740 2161 1889 2204 emisit.
1951 2161 2093 2215 Quam
2123 2161 2177 2202 ad

340 2231 567 2277 Sermones
598 2242 723 2290 atque
744 2234 960 2290 Epistulas
991 2250 1075 2276 una
1106 2250 1201 2277 cum
1222 2236 1329 2277 Arte
1351 2250 1419 2291 po.
1452 2235 1664 2291 congessit
1694 2235 1930 2277 breuiorem
1962 2234 2178 2277 uarietatis

340 2307 566 2350 lectionem
595 2309 700 2351 locis
729 2308 1017 2351 uexatioribus
1049 2324 1099 2351 ex
1131 2308 1349 2351 codicibus
1380 2309 1466 2351 suis
1497 2316 1708 2351 enotatam
1738 2309 1783 2350 in
1811 2308 2069 2351 bibliotheca
2084 2307 2177 2350 Do-

339 2396 433 2424 mus
468 2388 557 2424 tum
602 2382 740 2425 dictae
791 2383 984 2425 Chamhre
1030 2384 1096 2425 des
1140 2383 1310 2439 De'putds
1356 2382 1539 2437 repperi.
1598 2381 1810 2424 Adhibuit
1839 2389 1979 2424 autem
2010 2383 2178 2425 codices

453 2469 485 2508 †)
512 2481 597 2500 man.
629 2472 656 2500 1.
685 2481 780 2509 supra
806 2472 935 2508 scripsit
962 2481 1028 2500 uar.
1055 2471 1129 2500 lect.
1156 2470 1203 2500 uel
1227 2480 1357 2499 munere.

454 2526 487 2566 *)
515 2528 566 2557 Ad
592 2528 803 2557 consolandos
830 2529 1067 2566 placandosque
1093 2529 1179 2557 uiros
1205 2528 1316 2557 doctos
1343 2536 1395 2556 eos
1421 2528 1475 2565 qui
1502 2536 1550 2556 ine
1575 2528 1693 2557 minari
1720 2536 1834 2557 nouem
1869 2527 2085 2557 uoluminibus
2111 2526 2178 2557 Ho-

341 2583 480 2613 ratianis
506 2585 615 2613 orbem
643 2584 801 2614 eruditum
827 2585 954 2622 publice
980 2585 1090 2613 ludere
1116 2585 1274 2622 gestiunt,
1294 2584 1466 2613 cachinnos
1492 2593 1570 2622 quos
1596 2584 1659 2621 ipsi
1679 2584 1877 2613 sustulerunt
1896 2588 1927 2613 et
1945 2584 2020 2613 aliis
2039 2593 2178 2614 commo-

342 2640 418 2676 turi,
456 2640 571 2669 iterum
605 2641 677 2670 dico
702 2644 801 2679 atque
826 2641 964 2677 declaro,
1002 2641 1181 2670 Horatiana
1206 2649 1285 2677 mea,
1324 2640 1388 2669 diis
1414 2641 1494 2669 bene
1521 2641 1718 2677 iuuantibus,
1758 2650 1799 2669 ex
1825 2641 1891 2670 otio
1916 2640 2082 2670 literarum
2113 2640 2178 2669 iam

343 2697 470 2726 demum
496 2697 640 2726 liberiori
667 2697 817 2735 deinceps
844 2698 1030 2735 euulgatum
1055 2698 1113 2726 iri:
1155 2697 1188 2735 1)
1216 2697 1288 2725 Duo
1314 2697 1477 2726 uolumina
1504 2697 1616 2735 compl.
1647 2695 1875 2726 Cmmnentarz'os
1899 2695 2029 2726 Acrom's
2052 2700 2080 2725 et
2102 2696 2178 2725 Por-

338 2752 518 2791 ]›Izqsrz'om's;
557 2753 693 2783 alterum
721 2754 782 2782 iam
810 2754 867 2782 sul)
894 2754 982 2791 prelo
1009 2757 1067 2782 est.
1135 2753 1169 2791 2)
1197 2753 1269 2781 Duo
1294 2754 1456 2782 volumina
1483 2754 1597 2791 compl.
1625 2753 1783 2782 Horatium
1806 2752 1902 2791 ipsum
1925 2761 2038 2781 recens.
2064 2752 2107 2782 ad
2129 2762 2178 2782 co-

343 2808 422 2837 dices
446 2819 465 2837 a
489 2818 533 2838 me
557 2809 714 2838 adhibitos.
781 2810 816 2847 3)
844 2809 953 2838 Unum
979 2810 1129 2839 volumen
1155 2810 1274 2838 contin.
1301 2809 1457 2838 historiam
1489 2820 1515 2847 q.
1542 2820 1570 2849 n.
1597 2809 1733 2838 criticam
1757 2808 1888 2845 Horatii,
1923 2809 1956 2838 in
1982 2817 2044 2847 quo
2071 2812 2101 2838 et
2127 2819 2178 2839 co-

345 2865 432 2893 dices
460 2869 490 2893 ct
517 2866 587 2894 edd.
616 2874 695 2894 >aec
722 2865 779 2894 XV
806 2866 1034 2895 describuntur
1059 2869 1091 2894 et
1117 2866 1348 2896 diiudicantur.
1398 2863 1433 2904 4)
1461 2866 1523 2894 duo
1549 2866 1714 2895 volumina
1739 2865 1852 2903 compl.
1879 2864 1992 2894 indices
2016 2865 2049 2903 a)
2074 2873 2178 2895 rerum

345 2925 377 2950 et
403 2922 569 2950 uerborum
596 2922 629 2960 b)
656 2922 817 2951 nominum
844 2923 1043 2960 propriorum
1070 2919 1332 2959 et''script‹›r111n,
1358 2922 1390 2951 in
1413 2921 1517 2960 quihus
1541 2921 1730 2961 omniafere
1759 2920 1906 2951 uocabula
1936 2925 1963 2950 et
1991 2920 2112 2950 nomina
2143 2930 2179 2951 ex

344 2975 418 3014 ipsis
443 2976 592 3005 codicibus
616 2977 828 3007 inlustrantur.
857 2978 1006 3017 Denique
1056 2979 1090 3017 5)
1118 2979 1179 3007 duo
1206 2979 1371 3008 uolumina
1396 2978 1533 3008 offerens
1554 2978 1784 3016 praestantiora
1799 2977 1912 3008 scholia
1929 2986 1964 3006 ac
1989 2977 2137 3008 codicibus
2159 2987 2179 3007 a

346 3042 390 3062 mc
415 3033 625 3070 transscripta.
651 3052 665 3053 e
704 3034 779 3063 Sani
806 3035 864 3064 uiri
891 3044 953 3064 non
981 3035 1145 3071 ridebunt,
1173 3044 1224 3063 cos
1243 3038 1361 3072 autem,
1389 3035 1442 3072 qui
1462 3035 1606 3064 studium
1625 3035 1794 3064 detrahere
1812 3037 1844 3063 et
1862 3042 1928 3063 rem
1944 3042 2058 3070 meam,
2084 3043 2178 3072 quam

346 3089 432 3119 Ales.
458 3089 625 3125 Humboldt,
653 3090 708 3119 Vir
733 3101 886 3127 suminus,
926 3092 958 3120 in
986 3091 1091 3120 literis
1117 3092 1157 3120 ad
1184 3102 1233 3120 nie
1259 3092 1344 3121 datis
1371 3100 1523 3129 magnam
1550 3096 1581 3120 ct
1606 3091 1769 3129 pulchram
1794 3094 1909 3119 u'ocare
1934 3090 2091 3128 dignatus
2117 3094 2178 3126 est,

348 3146 394 3175 sic
420 3150 539 3175 temere
564 3146 722 3174 adiuuare
744 3150 889 3185 pergent,
917 3148 1091 3185 ‘tamquam
1119 3148 1275 3185 inperitos
1301 3148 1352 3177 uel
1377 3147 1610 3185 pusillanimo&
1636 3145 1765 3186 (Sidon.
1795 3145 1833 3175 E.
1863 3145 1933 3183 VII,
1954 3146 2010 3184 17)
2029 3153 2180 3184 spernere

348 3201 424 3231 licet
449 3206 546 3239 atque
572 3203 748 3239 aspernari.
