2170 3460
898 196 947 227 IN
974 196 1258 235 CAnrtiris.
1909 193 1987 233 231

787 396 1117 450 CARMEN
1157 398 1230 466 Π,
1274 401 1348 452 19.

983 506 1173 552 ACRON.

288 609 493 651 Bacchum
522 609 562 649 in
594 623 628 649 r.
673 607 770 649 Hae
800 608 879 649 ode
911 608 1068 649 indicat
1100 624 1124 649 a
1155 623 1198 650 se
1229 609 1365 651 uisum
1395 610 1601 653 Liberum
1633 612 1803 654 Patrem
1841 615 1883 655 in
1926 630 1990 656 se-

165 681 288 723 cretis
319 681 560 723 nemoribus
591 681 779 722 carmina
809 681 1040 731 docentem,
1073 689 1110 722 et
1144 683 1263 736 quasi
1294 684 1562 738 perturbatus
1595 684 1698 742 [his]
1731 687 1832 729 uisis
1853 689 1992 729 excla-

163 763 262 805 mat,
293 755 407 796 uelut
427 755 708 810 praesentiam
731 754 916 796 numinis
938 755 1139 796 sentiens:
1173 755 1334 797 Euhoe.
1395 758 1515 799 Ordo
1537 765 1619 799 est:
1653 758 1756 800 Vidi
1776 759 1991 803 Bacchum

164 829 383 870 docentem
415 828 601 869 carmina
632 828 674 868 in
706 828 875 869 remotis
906 828 1095 883 rupibus,
1128 835 1167 869 et
1197 828 1286 869 uidi
1317 829 1538 885 Nymphas
1569 831 1789 883 discentes,
1837 841 1874 875 et
1907 835 1991 876 vidi

163 909 305 943 acutas
335 916 456 943 aures
487 901 765 956 capripedum
797 900 1060 956 Satyrorum,
1093 901 1250 943 credite
1282 903 1450 956 posteri.

276 978 312 1017 2.
346 976 492 1020 credito
518 977 680 1030 posteri.
741 974 790 1016 Id
831 982 910 1017 est:
957 974 1081 1016 etiam
1113 990 1188 1017 uos
1222 975 1391 1026 credite,
1438 977 1509 1031 qui
1540 979 1704 1020 uenturi
1736 980 1848 1031 estis,
1894 981 1993 1022 talia

163 1048 333 1090 dicenti.

276 1124 315 1164 3.
347 1124 567 1180 Nymphas.
626 1122 772 1165 Musas
784 1139 793 1171 3
826 1137 923 1163 nam
956 1122 1141 1174 Quidam
1175 1122 1358 1180 [uolunt]
1392 1123 1530 1179 ipsum
1564 1124 1699 1182 [esse]
1734 1125 1889 1178 Solem,
1928 1128 1993 1183 ip-

163 1211 254 1237 sum
284 1196 522 1251 Dionysum
554 1197 710 1238 uolunt.
784 1195 894 1237 Nam
934 1202 979 1237 ut
1008 1196 1068 1236 illi
1100 1211 1251 1237 nouem
1295 1196 1501 1252 [saeratae
1547 1199 1659 1254 sunt]
1707 1199 1871 1250 Musae,
1935 1201 1992 1242 ita

164 1268 255 1311 Soli
285 1284 435 1311 nouem
467 1270 612 1311 circuli
648 1278 686 1311 et
725 1269 919 1324 Dionyso
959 1269 1107 1311 similis
1144 1270 1295 1311 chorus
1331 1269 1609 1312 Baccharum.
1683 1272 1815 1314 Modo
1856 1280 1993 1314 tamen

162 1358 239 1398 pro
268 1343 406 1385 Musis
435 1342 655 1398 Nymphas
686 1343 848 1384 inducit
878 1343 1066 1384 carmina
1097 1343 1326 1385 audientes.
1412 1345 1603 1399 Verqilius
1634 1345 1826 1387 similiter
1856 1345 1992 1402 Nym-

161 1417 266 1472 phas
296 1431 373 1471 pro
405 1416 541 1458 Musis
573 1415 642 1471 (B.
676 1415 775 1466 VII,
809 1417 902 1471 21):
941 1417 1150 1473 Nymphae
1180 1425 1314 1458 noster
1345 1432 1460 1459 antor
1502 1418 1748 1462 Libethrides
1788 1428 1861 1462 aut
1896 1420 1995 1461 mihi

163 1505 327 1532 carmen
363 1491 493 1540 Quale
524 1505 607 1531 meo
644 1489 773 1531 Codro
806 1490 1015 1531 concedite.

273 1565 312 1604 4.
345 1564 608 1620 capripedum
639 1563 774 1619 Smyr.
833 1562 974 1605 Panas
1006 1563 1112 1604 dixit
1143 1578 1368 1619 caprarum
1398 1564 1528 1619 pedes
1559 1565 1774 1609 habentes.

276 1645 428 1678 acutas.
487 1635 545 1676 Et
575 1635 629 1677 ad
659 1636 915 1677 audiendum
947 1644 985 1678 et
1015 1637 1069 1677 ad
1100 1636 1287 1692 ipsarum
1320 1637 1484 1679 aurium
1515 1640 1708 1695 figuram.

277 1711 312 1751 6.
347 1711 564 1752 turbidum.
623 1709 813 1751 Turbide
847 1709 983 1766 [mens
1014 1709 1226 1766 laetatur]

276 1785 313 1826 8.
340 1799 467 1840 poree
495 1799 532 1839 9.
553 1798 600 1825 m.
634 1784 782 1838 lliyrso.
844 1782 1052 1840 [Fronde]
1087 1782 1145 1825 Vt
1165 1783 1279 1825 uelut
1299 1785 1589 1839 perturbatam
1610 1787 1848 1829 ostenderet
1877 1802 1995 1829 men-

275 1950 433 1981 ACRON.
482 1950 534 1979 Ad
560 1951 697 1980 liberum
735 1955 860 1988 patrem
891 1950 919 1979 A
957 1949 1080 1989 (Hor)
1129 1951 1258 1980 Notitia
1284 1952 1377 1980 metri
1404 1955 1480 1981 ante
1505 1952 1580 1982 Aer.
1629 1953 1849 1983 Enthusc'atice
1874 1954 1913 1982 ad
1938 1954 1995 1983 lib.

162 2010 228 2045 pat.
253 2015 280 2048 γ.
328 2007 501 2037 Entusiaee
537 2007 632 2037 liberi
670 2008 770 2044 patris
808 2007 930 2036 laudes.
967 2007 1047 2050 13an
1086 2006 1255 2045 (XVIIII).
1315 2007 1521 2037 Entusiatice
1555 2009 1595 2038 ad
1628 2009 1683 2039 111).
1718 2013 1782 2047 pat.
1817 2010 1927 2039 laudes
1964 2010 1995 2038 b.

165 2063 236 2092 Ode
263 2063 348 2092 LVII
375 2063 411 2092 R.

276 2121 311 2159 5)
337 2130 354 2148 a
392 2130 453 2152 om.
491 2121 526 2149 R.
568 2121 714 2149 indicans
751 2121 780 2150 b.
843 2120 877 2159 6)
903 2120 1036 2149 secretis
1062 2121 1161 2150 tacite
1187 2129 1248 2150 om.
1276 2120 1314 2155 Q.
1363 2138 1406 2143 —
1453 2121 1504 2151 his
1530 2131 1590 2151 om.
1616 2120 1773 2162 A·sle,r.
1814 2127 1844 2151 et
1869 2123 1920 2151 his
1947 2122 1996 2151 ui-

163 2177 207 2205 sis
232 2178 448 2214 perturbatus,
475 2178 563 2207 uelut
589 2177 768 2215 praesentia
793 2177 935 2206 numinis
949 2175 1065 2215 furore
1090 2181 1246 2214 correptus
1271 2178 1355 2206 exel.
1383 2177 1472 2207 Euoe
1499 2177 1536 2207 C.
1578 2177 1651 2207 visis
1677 2179 1839 2208 substant.
1866 2182 1901 2208 ut
1927 2177 1995 2207 Cic.

166 2233 243 2262 Diu.
269 2233 310 2270 ΙΙ,
337 2234 396 2263 41;
424 2234 611 2271 perterritus
637 2234 728 2262 uisis.
769 2233 870 2262 Acad.
895 2233 950 2270 IV⁷
980 2233 1030 2263 15.
1055 2233 1152 2271 Verg.
1179 2232 1218 2262 A.
1238 2233 1387 2270 1V,456.
1416 2233 1512 2263 Ouid.
1539 2234 1579 2263 A.
1605 2234 1662 2271 III,
1690 2236 1720 2271 5,
1748 2235 1801 2264 32.
1833 2235 1882 2263 14.
1909 2235 1994 2263 excl.

162 2290 245 2318 Enoc
270 2289 314 2319 fh.
377 2289 410 2328 7)
439 2290 507 2320 rell.
536 2290 678 2319 sentiens
704 2289 792 2318 euhoe
816 2289 970 2331 A-sme,
997 2289 1117 2319 lzeulzoe
1142 2300 1221 2319 rmv.
1259 2290 1348 2319 Euoe
1375 2289 1432 2319 Ca.
1474 2291 1557 2319 Euoe
1582 2291 1615 2320 in
1641 2291 1738 2327 uasis,
1765 2291 1856 2320 Ialm.
1884 2300 1912 2328 p.
1942 2292 1995 2327 21,

162 2347 293 2384 legitur,
320 2356 383 2377 non
410 2347 442 2376 in
467 2347 544 2377 Hor.
570 2350 649 2376 uett.
677 2347 768 2376 codd.
795 2347 849 2385 qui
874 2347 996 2376 habent
1022 2351 1096 2377 aut:
1124 2356 1169 2376 eu.
1189 2347 1247 2377 hoe
1263 2346 1399 2388 ΚΑγΒφ
1418 2350 1477 2376 ete.
1503 2351 1560 2377 aut
1584 2346 1650 2376 lieu.
1670 2347 1722 2376 hoe
1739 2347 1798 2376 EA
1819 2347 1994 2385 (inconst.)

162 2402 270 2432 heuhoe
294 2403 329 2432 R.
362 2403 403 2432 al.
430 2402 536 2438 enolae,
569 2407 604 2432 ut
628 2403 723 2432 Bern.
750 2403 785 2432 B.
850 2403 884 2442 8)
918 2404 987 2432 uidi
1015 2413 1078 2441 rep.
1104 2413 1130 2444 γ,
1173 2404 1257 2433 cred.
1285 2404 1406 2441 posteri
1450 2403 1524 2433 add.
1561 2413 1587 2444 γ.
1631 2403 1718 2432 satir.
1745 2413 1771 2444 γ.
1838 2403 1893 2441 10)
1926 2403 1996 2432 Hoc

165 2459 263 2488 schol.
290 2460 464 2489 secundum
492 2459 648 2489 Ordinem
680 2464 759 2489 uett.
792 2460 1005 2497 interpretum
1042 2460 1165 2489 duobus
1201 2469 1288 2498 seqq.
1324 2460 1358 2488 in
1392 2460 1503 2496 libris,
1540 2463 1668 2497 praeter
1692 2469 1728 2495 r,
1767 2463 1910 2496 postpos.
1937 2463 1996 2488 est.

163 2519 267 2545 totum
293 2516 392 2545 schol.
419 2526 480 2545 om.
506 2516 546 2544 A.
585 2516 618 2545 id
644 2520 693 2545 est
717 2526 779 2545 om.
809 2517 840 2546 2.
893 2516 948 2554 12)
976 2517 1089 2546 uolunt
1115 2517 1175 2554 ips.
1200 2515 1353 2550 mvath.
1392 2525 1462 2545 esse
1487 2525 1546 2545 om.
1573 2515 1781 2557 712R12‚1nva.
1819 2515 1900 2544 Nam
1927 2515 1998 2552 qui-

165 2572 238 2600 dam
265 2572 325 2609 ips.
349 2581 398 2610 ap.
425 2582 494 2602 esse
520 2573 645 2611 dionys.
671 2573 787 2602 uolunt.
811 2582 834 2602 r.
877 2573 992 2602 dionis.
1017 2574 1132 2603 uolunt
1158 2573 1290 2614 A-(bRe.
1331 2572 1453 2601 eundem
1477 2581 1538 2601 esse
1562 2573 1676 2601 uolunt
1694 2571 1730 2601 C.
1782 2571 1836 2610 13)
1865 2572 1919 2601 ille
1937 2572 1994 2600 112-

163 2627 310 2665 Apollini
333 2625 380 2665 }C.
434 2627 489 2667 14)
516 2638 629 2658 nouem
654 2637 775 2666 musae,
801 2639 861 2659 om.
887 2639 967 2659 saer.
993 2634 1078 2667 sunt⁷
1110 2628 1231 2671 A7b2C
1259 2633 1381 2658 sacrate
1406 2639 1469 2658 mv.
1501 2629 1610 2658 circuli
1634 2631 1702 2657 szmt
1725 2626 1761 2657 C.
1813 2628 1869 2666 15)
1895 2627 1985 2656 simi-

163 2683 202 2713 lis
226 2683 334 2726 Ayb,C
362 2684 495 2722 (Bacch.
521 2685 637 2723 chor).
663 2686 733 2714 rell.
761 2685 907 2715 similiter
934 2685 992 2723 (ex
1018 2686 1110 2724 seq).
1137 2686 1188 2714 hie
1213 2689 1321 2714 autem
1346 2684 1382 2714 C.
1408 2686 1478 2714 rell.
1506 2685 1600 2714 modo
1626 2688 1746 2713 tamen.
1780 2683 1899 2721 nimph.
1928 2683 1990 2713 Ab.

163 2757 207 2761 -—
231 2741 314 2778 uirg.
342 2740 389 2779 (h.
418 2741 454 2780 1.)
481 2751 537 2779 pro
570 2742 671 2771 musis
693 2741 844 2771 similiter
869 2743 1018 2780 nimphas
1042 2742 1092 2783 Αγ
1117 2742 1216 2781 (ny)
1243 2742 1261 2771 b
1288 2751 1348 2771 om.
1377 2741 1613 2770 exhomoeotel.
1641 2740 1763 2769 inducit
1780 2739 1995 2778 —niinphas.

166 2795 244 2825 Sim.
271 2806 327 2834 pro
353 2806 416 2826 mu.
442 2807 531 2836 nym.
562 2807 577 2826 r
602 2801 631 2827 et
658 2798 695 2834 2,
729 2798 783 2836 qui
809 2799 919 2828 addit:
939 2798 1050 2837 posuit.
1092 2798 1161 2827 rell.
1189 2799 1260 2827 sim.
1287 2798 1350 2836 Ny.
1378 2807 1434 2835 pro
1452 2797 1566 2826 Musis.
1620 2797 1674 2835 16)
1700 2796 1811 2835 lybetr.
1837 2806 1863 2838 γ.
1888 2797 1995 2825 libetr.

164 2851 327 2888 bR1‚1·mv.
355 2853 479 2882 inducit
504 2853 611 2882 audire
635 2853 753 2883 Bacchi
781 2854 934 2892 carmina,
967 2858 1003 2884 ut
1020 2855 1112 2892 Virg.
1150 2854 1321 2892 Nymphae
1348 2852 1383 2882 C.
1434 2852 1491 2891 18)
1526 2853 1595 2882 Hoc
1620 2853 1718 2881 schol.
1745 2857 1781 2882 ut
1806 2854 1934 2891 subseq.
1963 2854 1996 2882 in

164 2909 257 2938 libris
284 2910 430 2947 superius
456 2910 563 2939 eolloc.
606 2914 776 2948 utrumque
801 2921 861 2940 om.
887 2910 1004 2948 R1G,r.
1055 2911 1115 2949 20)
1147 2909 1450 2945 TurbideRl,1-1uv.
1492 2918 1547 2947 pro
1578 2910 1709 2939 turbide
1740 2918 1767 2950 γ,
1807 2910 1904 2939 schol.
1932 2919 1994 2939 om.

165 2968 201 2994 ut
224 2965 266 3001 b,
300 2965 354 3003 qui
379 2965 493 2995 habet:
526 2966 715 2995 aduerbium
742 2970 802 2996 est.
843 2968 973 2996 turbide
1000 2966 1036 2996 C.
1070 2967 1140 2996 rell.
1167 2966 1309 2995 turbida.
1360 2965 1417 3004 21)
1451 2965 1578 2995 Fronde
1603 2975 1662 2995 om.
1689 2965 1751 2995 Ab.
1795 2964 1846 2995 C:
1883 2965 1997 2996 fronde

165 3021 308 3058 pampini
342 3022 576 3052 circumuoluta
599 3023 729 3060 hastae,
765 3032 825 3061 qua
858 3023 919 3052 sibi
952 3023 1109 3052 infestum
1134 3022 1240 3051 Deum
1272 3021 1391 3050 minari
1424 3021 1531 3059 fingit.
1575 3022 1621 3051 sic
1646 3031 1742 3060 supra
1767 3022 1866 3051 dixit.
1904 3032 1994 3061 qrau.

161 3076 263 3114 princ.
289 3087 348 3106 am.
376 3078 409 3107 id
434 3082 499 3115 est,
526 3087 653 3108 seueras
679 3083 710 3108 et
736 3088 830 3117 saepe
856 3080 1063 3117 perniciosas.
1104 3078 1191 3107 Hinc
1217 3076 1244 3112 Q
1269 3077 1418 3106 lacunam
1443 3081 1516 3115 post
1540 3077 1660 3107 Fronde
1686 3079 1814 3108 statuit.
1858 3082 1939 3117 tyrso
1964 3079 1993 3113 b,

166 3141 212 3160 rv.
252 3133 272 3161 b
303 3142 321 3161 a
348 3142 389 3162 m.
417 3134 434 3162 2
461 3134 504 3172 gl.
529 3134 645 3165 habet:
672 3134 798 3174 thyrsus
823 3138 872 3164 est
896 3135 972 3164 auis.
1015 3151 1056 3155 —-
1097 3132 1201 3163 ueluti
1223 3131 1299 3167 th.
1325 3133 1394 3162 rell.
1418 3133 1520 3163 uelut.
1565 3150 1605 3155 —
1640 3135 1787 3172 perturb.
1824 3134 1886 3163 Ab.
1925 3133 1994 3162 rell.

167 3188 251 3217 turb.
277 3192 352 3226 puto
378 3188 422 3218 fh.

2025 989 2060 1020 lo

2025 1355 2060 1385 15
