2283 3535
642 198 876 232 ADDENDA
899 198 961 231 ET
985 199 1303 234 CORRIGENDA.

66 326 160 365 pag.
187 324 250 353 289
276 330 386 358 uers.
413 325 452 355 29
479 324 538 364 leye
563 324 733 354 mvzinter
746 323 938 354 laxata.0111.

175 1996 239 2027 316

175 2052 240 2082 317

173 2109 236 2138 319

173 2221 237 2250 320

175 2389 237 2419 325

173 2668 236 2698 326

172 2891 236 2920 328

172 2947 233 2976 331

173 3058 235 3087 331

173 3113 236 3142 332

173 3169 236 3198 333

415 436 452 464 13

411 547 451 575 27
500 563 513 568 -

411 602 451 630 41
501 619 513 623 -

503 675 516 679 -
563 657 635 686 Par.
655 667 716 694 pro
741 657 810 687 Per.

413 658 454 687 29

415 1158 452 1188 15
502 1177 514 1181 -

411 1215 450 1243 17
498 1231 511 1236 -

409 1270 449 1298 34
497 1288 510 1292 -

410 1327 450 1356 36
500 1345 513 1349 -

406 1382 447 1410 41
497 1401 510 1405 -

406 1437 448 1467 22
495 1455 508 1459 -

406 1549 448 1578 42
497 1568 510 1572 -

499 1624 512 1628 -
557 1602 704 1641 κάλαθος
714 1616 775 1645 pro
791 1602 936 1648 κᾶλαβος

499 1679 512 1684 -
558 1661 653 1701 Verg.
673 1672 735 1701 pro
759 1663 857 1702 Vurg.

407 1717 448 1746 23
498 1736 510 1740 -

406 1773 447 1803 25
496 1792 507 1796 -

410 1605 449 1634 13

409 1662 448 1690 19

404 1885 507 1915 25-

404 1942 445 1971 32

406 1998 447 2027 33

407 2054 448 2083 22

403 2110 444 2139 27

403 2279 444 2308 40

405 2391 505 2420 19-

407 2503 443 2531 19

402 2670 444 2698 42

402 2893 442 2921 32

402 2949 442 2977 23

403 3005 444 3033 24

401 3060 442 3089 38

562 379 670 420 Αγὶ),τ.

502 453 514 457 -
561 435 588 470 Q
613 444 654 464 ex
678 434 794 471 Porph.
815 444 874 472 pro
899 445 940 464 ex

561 490 588 525 Q
613 490 730 527 Porph.

560 555 588 575 a.
607 546 744 575 Decium
756 555 817 583 pro
829 555 847 575 a
862 546 939 575 Dec.

561 610 633 639 pag.
655 601 729 630 295.
758 602 790 640 1)
803 612 864 639 pro
885 603 938 641 19)

499 730 511 734 -
558 713 755 742 reuertentis
780 714 905 751 gratiae

549 778 612 806 pro
636 768 801 799 redeuntis
827 780 886 807 gr..

500 842 513 846 -
562 824 676 858 Qualis
702 829 737 854 ut
770 825 856 865 [ubi]
878 835 940 864 pro

559 879 671 915 Qualis
701 880 788 920 [ubi]

502 953 514 957 -
561 934 687 965 Sithiae
723 937 742 966 b
776 946 839 975 pro
879 937 939 966 sci-

558 992 646 1022 thiae
671 993 690 1021 b

497 1065 509 1070 -
533 1047 793 1078 uicissitudinem
803 1047 937 1087 (uicem)

550 1113 613 1142 pro
639 1105 742 1134 uicem

563 1160 603 1189 50
622 1169 684 1198 pro
710 1161 727 1190 5

558 1215 665 1254 scalpe
684 1225 746 1254 pro
771 1215 898 1253 scalpae

558 1275 686 1301 tantum
703 1281 767 1310 pro
792 1275 914 1301 tactum

560 1327 661 1357 Inane
681 1337 741 1366 pro
764 1327 868 1357 Juane

557 1384 598 1412 ad
623 1393 683 1413 om.
704 1393 766 1421 pro
791 1384 895 1413 adom.

556 1439 760 1468 iucunditate
783 1448 846 1476 pro

554 1494 764 1524 iucundidate

558 1550 605 1579 lit.
636 1552 663 1587 1,
682 1560 745 1588 pro
770 1551 819 1580 lit.
846 1551 856 1579 1

558 1718 724 1749 dicebatur
745 1729 804 1758 pro
829 1719 933 1750 dicab-

556 1775 666 1813 colligi
692 1779 798 1813 potest
815 1786 878 1815 pro

552 1831 680 1869 colligit
705 1836 810 1870 potost

555 1891 700 1917 occurrat
716 1898 778 1926 pro
803 1892 934 1926 occupat

495 1961 508 1964 -
540 1939 934 1988 μάχεσθαιρνομάχεσβαι

496 2016 509 2020 -
555 2000 753 2030 transmittit

496 2071 513 2074 —
561 2056 695 2093 petiisse
712 2065 775 2095 pro
800 2057 917 2094 petiise

494 2129 506 2133 -
547 2112 932 2151 sacrificioprosacripcio

402 2166 443 2195 41
493 2185 507 2189 -

403 2222 441 2252 15
491 2241 504 2245 -

557 2167 612 2205 17)
632 2177 693 2206 pro
722 2169 776 2208 18)

551 2223 648 2252 Lenit
664 2233 726 2261 pro
750 2225 835 2254 teuit

494 2298 506 2301 -
553 2282 616 2309 aet.
641 2279 736 2322 7120.
755 2279 853 2310 Canis
870 2291 932 2320 pro

550 2339 614 2365 aet.
639 2335 738 2374 vR,C.
762 2337 867 2367 Danis

553 2391 668 2422 Tacito
696 2393 862 2423 usitatam.
890 2403 930 2423 m.

543 2457 605 2486 pro
617 2449 716 2478 tacito
726 2450 876 2479 usitatam
889 2460 929 2480 m.

494 2522 503 2526 -
550 2504 588 2532 cf.
615 2503 732 2534 Graeh.
764 2515 814 2543 ap.
848 2505 930 2536 Gell.

548 2559 607 2588 XV
630 2569 692 2597 pro
723 2559 777 2590 Gr.
809 2570 860 2600 ap.
893 2563 930 2592 cf.

552 2614 596 2644 M.
621 2615 690 2645 XV.

493 2688 505 2692 -
521 2669 650 2705 Quanto
665 2672 730 2701 diu.
742 2675 801 2702 ete.
812 2674 930 2711 pertin.

549 2726 589 2755 ad
613 2737 644 2765 p.
673 2729 747 2765 327,
777 2730 804 2758 1.
833 2731 862 2758 2.

492 2800 504 2804 -
552 2786 736 2821 contempto
763 2794 825 2823 pro
857 2795 930 2815 cou-

550 2840 668 2877 templo

529 2893 684 2924 Asiaticis
693 2895 930 2933 proAsiaaticis

491 2968 504 2972 -
528 2951 692 2979 uocauerit
702 2960 760 2988 pro
770 2953 930 2982 uscauerit

492 3023 505 3027 -
530 3005 751 3044 adludenspro
764 3008 803 3036 ad
817 3007 930 3037 ludens

490 3078 502 3082 -
538 3060 770 3100 Ang.Mai.pro
777 3062 929 3101 Aug.Mai

402 3116 442 3145 31
491 3134 502 3138 -

491 3190 504 3195 -
551 3171 633 3202 Tum
650 3181 712 3211 pro
737 3173 816 3204 Tam

551 3114 663 3146 Scaeu.
681 3127 744 3155 pro
769 3117 879 3148 scaen.

1749 193 1889 236 XXV

1011 331 1104 368 pag.
1131 327 1193 356 334
1220 332 1330 360 uers.
1379 330 1397 356 8
1423 327 1484 367 leye
1509 329 1540 358 in
1555 330 1726 368 pratispro
1740 331 1774 360 in
1788 332 1888 368 partis

1138 399 1174 402 Μ
1276 400 1288 404 -
1360 383 1398 411 21
1452 401 1464 405 -
1512 384 1589 413 relic
1619 394 1632 414 s
1666 404 1697 405 γη
1726 385 1866 416 Macrob.

1481 438 1568 476 111,9
1597 441 1680 477 lym-o
1693 441 1737 471 M.
1752 441 1887 479 111‚9‚r.

1129 493 1192 522 338
1275 512 1287 516 -
1359 494 1400 523 30
1449 511 1462 516 -
1521 493 1682 525 Ribbeck:
1720 497 1788 526 alta
1828 506 1890 535 pro

1506 549 1649 579 Ribbeck
1675 552 1755 581 ialta

1146 621 1181 623 *—
1276 623 1289 627 -
1360 605 1400 634 40
1451 623 1462 628 -
1514 604 1570 644 15)
1590 616 1649 643 pro
1680 606 1737 646 12)

1126 659 1189 688 339
1272 678 1284 682 -
1356 660 1397 689 26
1447 679 1459 683 -
1508 660 1544 699 4)
1563 670 1625 698 pro
1654 663 1709 700 10)

1140 732 1179 734 ψ
1275 734 1287 738 -
1358 716 1399 745 32
1449 734 1461 738 -
1510 716 1624 746 relicta
1641 726 1704 754 pro
1728 718 1796 747 rell.

1129 770 1189 798 341
1275 788 1287 792 -
1358 772 1399 800 39
1449 790 1460 794 -
1501 772 1653 802 acciderit
1661 782 1722 811 pro
1735 774 1889 804 accidesit

1140 843 1181 844 κὴ
1275 845 1287 848 -
1359 827 1401 856 43
1451 846 1463 850 -
1511 828 1648 865 offendi,
1694 838 1794 867 nuper
1826 839 1889 868 pro

1507 883 1623 913 effendi
1650 894 1753 922 nuper

1127 937 1190 966 343
1270 956 1281 960 -
1351 939 1389 967 31
1441 958 1453 961 -
1502 940 1607 970 Schol.
1630 940 1768 970 Acronis
1792 942 1831 970 ad
1858 952 1888 971 u.

1145 993 1181 1022 8:
1209 992 1439 1031 ‘Languidiora
1464 996 1551 1024 uina.
1579 999 1742 1026 uetustate
1755 997 1887 1028 leniora’

1145 1057 1249 1078 errore
1275 1058 1390 1087 operae
1423 1051 1507 1080 notis
1538 1051 1576 1080 ad
1602 1052 1716 1090 Porph.
1742 1052 1807 1090 ΙΙΙ,
1846 1054 1886 1082 20

1143 1104 1290 1134 admixta
1315 1109 1411 1144 atque
1436 1106 1589 1136 adiuncta
1613 1112 1700 1144 sunt,
1726 1109 1781 1138 sed
1804 1112 1888 1138 recte

1143 1160 1300 1190 iterantur
1324 1170 1354 1199 p.
1381 1162 1457 1199 344,
1485 1162 1502 1191 3
1528 1166 1600 1199 post
1625 1172 1752 1201 promas

1126 1216 1190 1245 344
1214 1222 1325 1250 uers.
1352 1218 1392 1247 33
1418 1217 1479 1258 legse
1498 1228 1626 1249 amoues
1641 1221 1746 1258 aLpro
1756 1229 1885 1251 amoues

1503 1275 1567 1304 uol.

1125 1328 1188 1357 346
1272 1347 1285 1351 -
1357 1330 1398 1360 25
1447 1349 1459 1352 -
1507 1331 1657 1361 inuocata
1664 1341 1726 1369 pro
1739 1333 1886 1362 inuoeoto

1136 1399 1176 1403 -—
1271 1402 1283 1406 -
1355 1385 1396 1414 38
1447 1402 1459 1408 -
1502 1387 1658 1423 partubus
1664 1397 1726 1425 pro
1738 1389 1885 1426 pai-tulus

1134 1455 1177 1458 —
1270 1458 1283 1461 -
1354 1440 1395 1470 39
1445 1460 1457 1464 -
1506 1443 1703 1478 putabantur
1713 1453 1776 1482 pro
1793 1448 1886 1482 puta-

1501 1498 1624 1528 buntur

1123 1551 1187 1580 347
1270 1569 1283 1573 -
1379 1552 1393 1580 1
1444 1570 1457 1574 -
1505 1553 1623 1584 dicitur
1640 1555 1793 1594 editapro
1808 1556 1887 1586 dicit

1501 1609 1630 1639 uredita

1134 1679 1175 1682 -a
1271 1681 1283 1685 -
1377 1665 1394 1693 9
1445 1683 1457 1686 -
1505 1666 1643 1695 oblicum
1649 1676 1712 1704 pro
1724 1667 1886 1706 obliquum

1127 1719 1190 1748 349
1274 1738 1287 1742 -
1359 1721 1400 1750 38
1450 1740 1462 1743 -
1510 1719 1740 1764 dwptgrmgpro
1753 1732 1886 1754 auersos

1124 1774 1187 1805 350
1270 1793 1283 1796 -
1355 1777 1396 1806 32
1446 1796 1458 1799 -
1508 1782 1732 1817 sumptuosum
1748 1790 1812 1818 pro

1617 1840 1839 1874 sumptaosum

1123 1887 1186 1917 352
1269 1906 1282 1911 -
1353 1889 1395 1918 40
1443 1908 1455 1911 -
1503 1890 1633 1920 admitti
1666 1892 1695 1922 b.
1728 1902 1790 1931 pro
1829 1893 1884 1923 ad—

1500 1947 1620 1977 mittib.

1131 2017 1172 2020 —
1267 2019 1280 2023 -
1350 2002 1393 2031 42
1442 2020 1454 2023 -
1502 2006 1557 2032 aut
1589 2004 1628 2033 ob
1652 2013 1716 2042 pro
1752 2006 1860 2035 autob.
1875 2017 1882 2043 ;

1501 2062 1557 2088 aut
1582 2068 1641 2090 om.
1660 2070 1720 2098 pro
1744 2064 1853 2092 autom

1121 2114 1185 2143 354-
1268 2132 1281 2136 -
1352 2114 1393 2144 30
1442 2133 1455 2136 -
1503 2116 1639 2153 explent
1660 2126 1719 2155 pro
1745 2118 1885 2156 explerit

1121 2169 1184 2200 356
1268 2188 1280 2192 -
1352 2171 1391 2199 31
1442 2189 1454 2193 -
1505 2172 1558 2212 13)
1578 2181 1640 2210 pro
1668 2172 1723 2211 12)

1132 2243 1173 2247 -—
1267 2246 1279 2250 -
1351 2226 1392 2256 37
1442 2246 1454 2249 -
1503 2228 1658 2267 intellege

1120 2282 1183 2311 360
1265 2299 1278 2304 -
1349 2282 1390 2312 36
1439 2302 1451 2305 -
1460 2284 1691 2315 adiectiuumb.
1699 2295 1757 2324 pro
1765 2286 1882 2317 adiect.

1120 2338 1184 2367 368
1267 2357 1280 2360 -
1352 2339 1392 2367 22
1441 2358 1453 2362 -
1501 2341 1651 2371 trimorfa
1667 2342 1792 2372 Keller.
1819 2343 1840 2375 1.
1860 2343 1881 2372 1.

1137 2402 1168 2431 p.
1197 2394 1258 2423 156
1284 2399 1412 2433 propter
1437 2396 1587 2426 trimorsa
1611 2401 1643 2427 et
1668 2399 1798 2429 trimosa
1816 2409 1881 2430 ser-

1138 2459 1212 2479 uare
1250 2450 1363 2480 uoluit.
1398 2460 1461 2481 non
1499 2456 1596 2491 reete,
1631 2463 1705 2484 nam
1738 2465 1798 2485 nec
1822 2456 1881 2485 tri-

1135 2505 1237 2544 movfa
1253 2516 1307 2536 nec
1319 2506 1462 2537 triforma
1476 2509 1578 2538 latine
1595 2510 1772 2549 dicebatur,
1794 2512 1881 2541 Diua

1137 2562 1287 2592 triformis
1303 2566 1413 2593 autem
1437 2565 1476 2594 ab
1502 2565 1571 2603 ipso
1596 2566 1733 2597 Horatio
1759 2566 1796 2597 C.
1821 2567 1880 2605 ΙΙΙ,

1139 2619 1192 2656 22,
1219 2620 1250 2655 4,
1280 2619 1364 2648 conf.
1390 2619 1487 2650 Ouid.
1512 2620 1555 2650 M.
1581 2621 1651 2659 VII,
1678 2623 1719 2652 94
1745 2627 1777 2653 et
1805 2624 1879 2661 177,

1136 2678 1172 2704 ut
1197 2673 1366 2704 Chimaera
1391 2674 1427 2705 C.
1452 2676 1477 2713 Ι,
1505 2678 1558 2713 27,
1586 2678 1638 2706 24.

1119 2730 1182 2759 389
1208 2735 1318 2764 uers.
1346 2731 1386 2761 39
1412 2731 1474 2772 leye
1498 2730 1642 2769 ἐπιείκως
1651 2743 1711 2772 pro
1723 2732 1880 2771 ἐπιείκιως

1118 2787 1159 2816 40
1167 2788 1181 2816 1
1266 2806 1279 2810 -
1352 2790 1365 2816 1
1373 2789 1390 2817 3
1442 2807 1453 2811 -
1501 2789 1588 2826 pleni
1608 2799 1668 2827 pro
1693 2790 1788 2828 pleno

1130 2860 1172 2863 -—
1266 2862 1279 2866 -
1351 2844 1391 2873 25
1440 2863 1452 2866 -
1501 2845 1649 2874 iuuenem
1655 2855 1718 2883 pro
1730 2847 1879 2878 inuenem

1131 2915 1171 2918 »-
1265 2917 1277 2921 -
1349 2900 1388 2929 31
1438 2918 1450 2922 -
1497 2900 1724 2932 Adnotandum
1738 2912 1798 2941 pro
1810 2903 1879 2932 Ad-

1498 2960 1668 2987 notantum

1117 3009 1157 3038 40
1164 3010 1181 3038 2
1264 3028 1278 3033 -
1349 3011 1366 3040 3
1374 3012 1390 3039 7
1438 3030 1451 3034 -
1499 3013 1697 3044 secularibus
1762 3015 1878 3044 decan—

1134 3065 1232 3094 tanda
1248 3075 1310 3104 pro
1335 3067 1531 3097 secularibus
1557 3069 1750 3100 decantanta.

1115 3120 1192 3150 405.
1225 3121 1301 3152 407.
1327 3123 1402 3152 409.
1428 3124 1504 3153 413.
1530 3124 1577 3154 IN
1601 3123 1730 3155 CARM.
1762 3125 1822 3163 IV,
1858 3127 1875 3155 6

1126 3185 1187 3214 pro
1211 3176 1265 3214 VI,
1294 3179 1323 3215 1,
1350 3179 1367 3207 6
1393 3182 1449 3209 aut
1473 3179 1532 3218 ΙΙΙ,
1559 3181 1576 3210 6
