2283 3535
816 190 863 221 IN
889 189 1022 221 EPOD.
1050 190 1163 223 xvn.
1818 180 1897 221 533

78 313 308 355 Hectorem
339 326 428 354 esse
459 312 578 362 dixit,
611 326 736 365 quam
766 311 896 366 uulgo
927 311 1080 352 dicitur
1090 328 1100 360 3
1131 325 1243 352 nunc
1265 311 1376 351 enim
1398 326 1474 365 pro
1504 314 1594 353 uiro
1611 312 1900 365 semidictum,

79 386 151 441 qui
183 385 334 427 multos
366 385 410 426 in
439 384 550 426 bello
581 384 794 425 occiderit.

193 461 258 500 14.
291 458 387 500 heu!
413 459 643 514 peruicacis
673 458 725 498 ad
750 457 840 512 ped.
880 457 1063 499 Achilles.
1123 456 1191 498 De
1236 456 1316 498 hae
1361 456 1567 498 diuisione
1599 458 1641 498 in
1687 458 1902 512 superiore

80 536 228 587 ecloga
259 530 406 586 (XVI,
439 532 512 585 62)
542 531 703 572 locutus
735 545 825 571 sum
857 530 970 572 cirea
1000 545 1151 571 nomen
1182 528 1334 571 Ulixis.
1398 531 1635 571 Peruicaccs
1670 538 1807 572 autem
1839 531 1904 571 di-

81 611 242 652 cuntur,
274 603 345 658 qui
365 604 409 644 in
430 603 694 645 contentione
714 618 845 657 usque
876 603 929 643 ad
951 602 1280 657 peruincendum
1304 602 1597 656 (uincendum)
1621 610 1902 657 perseuerant.

194 678 259 718 20.
292 686 428 719 amota
448 692 487 718 n.
508 693 556 718 m.
579 693 609 718 e.
632 679 655 718 i.
718 680 861 718 Amata
892 676 1075 717 uocatiui
1108 691 1227 716 casus
1259 683 1341 716 est:
1374 690 1397 715 0
1429 682 1578 716 amata.
1641 674 1728 716 Sed
1759 685 1798 716 et
1827 676 1906 717 hoc

81 750 362 792 urbanissime.
393 749 646 791 contumelia
676 749 841 799 dieitur,
888 749 1008 803 quasi
1040 748 1116 790 sub
1147 748 1221 789 illa
1266 748 1403 798 laude,
1451 748 1563 802 quod
1595 748 1699 789 adeo
1730 748 1908 803 pulchra

85 823 151 873 sit,
182 830 228 864 ut
257 838 282 864 a
311 823 452 864 multis
485 830 657 864 ametur.

196 897 261 936 21.
291 897 396 950 fuqit
431 898 614 938 iuuentas
655 905 688 936 ct
725 895 983 936 uerecundus
1015 894 1135 935 color.
1198 893 1292 935 Sibi
1323 895 1426 936 dicit
1464 894 1667 936 Horatius
1705 895 1808 936 haec
1844 896 1909 936 fu-

83 968 195 1024 gisse
240 983 316 1023 per
361 968 604 1018 cruciatum,
651 983 775 1023 quem
820 967 871 1008 de
916 967 1173 1008 carminibus
1217 967 1330 1008 illius
1375 968 1570 1022 patiatur.
1638 970 1911 1010 Verecundum

84 1048 221 1082 autem
254 1041 436 1083 colorem
467 1042 683 1097 eleganter
714 1056 790 1096 pro
822 1040 974 1082 rubore
1005 1040 1123 1091 dixit,
1155 1054 1206 1081 ex
1237 1055 1319 1095 quo
1351 1040 1571 1096 significat,
1604 1056 1646 1083 se
1678 1041 1849 1097 pallere.

86 1207 235 1237 Hectoris
261 1208 470 1246 dampnatum
496 1212 529 1237 111
557 1212 722 1237 uoraretur
746 1217 764 1236 a
790 1207 866 1236 feris
892 1207 1026 1236 alitibus
1052 1206 1187 1244 aliisque
1212 1206 1367 1246 bestiis'),
1405 1208 1520 1237 nititur
1558 1209 1685 1246 quidem
1723 1209 1915 1238 auctoritate

87 1268 167 1293 uett.
195 1269 224 1294 et
251 1274 330 1294 recc.
356 1266 448 1294 codd.
474 1270 509 1294 ut
535 1265 657 1294 Bernn.
684 1264 743 1294 ΚΟ
770 1265 860 1294 Baro.
886 1264 1008 1304 (luxere
1034 1264 1075 1292 al.
1102 1273 1169 1293 unc.
1195 1272 1280 1292 man.
1311 1265 1336 1292 l.
1365 1265 1410 1292 sic
1436 1274 1582 1301 suprapO.
1619 1273 1694 1302 ergo
1717 1273 1856 1293 uncoeere
1889 1274 1914 1292 s.

1938 978 1978 1008 10

85 1330 208 1350 uncsere
233 1321 307 1350 uide
332 1321 403 1350 libr.
430 1331 533 1350 meum
559 1322 597 1350 de
622 1322 679 1350 hoc
705 1321 772 1350 cod.
801 1331 829 1358 p.
859 1321 915 1358 22)
943 1320 1011 1349 Par.
1038 1319 1051 1347 Ι
1078 1319 1106 1354 Q
1131 1319 1234 1348 Harll.
1269 1320 1365 1349 2734.
1399 1320 1496 1349 3510.
1534 1321 1617 1349 inter
1643 1320 1772 1349 Oxonn.
1798 1319 1914 1357 Regin.
1959 1347 1963 1350 .

88 1386 163 1415 pure
188 1381 219 1407 et
243 1377 358 1415 fragm.
384 1377 463 1407 Hor.
492 1378 621 1407 exhibe.
646 1377 724 1415 Reg.
754 1378 782 1405 Τ.
810 1376 844 1405 F.
872 1376 941 1404 VII.
967 1385 1048 1404 saec.
1074 1375 1158 1411 XIV,
1184 1375 1292 1413 Magd.
1320 1376 1352 1404 in
1377 1385 1502 1411 rasura3
1538 1381 1569 1404 et
1593 1380 1654 1405 1101.
1681 1376 1743 1405 Par
1769 1376 1794 1404 E
1821 1377 1915 1405 habet

88 1441 146 1462 scr.
171 1434 211 1462 ab
237 1434 346 1463 eadem
372 1443 486 1463 manu:
524 1434 626 1463 luxere
650 1433 698 1462 uel
719 1441 848 1468 unxere,
876 1432 932 1460 sed
958 1430 1129 1460 refutanda
1161 1435 1191 1459 et
1222 1432 1385 1460 reicienda
1417 1435 1476 1460 est.
1511 1432 1703 1469 Plerumque
1736 1433 1818 1461 enim
1851 1441 1919 1461 nar.

88 1489 183 1519 lectio
209 1499 227 1518 a
256 1491 268 1518 1
296 1500 336 1519 m.
363 1493 475 1520 notata
500 1490 655 1519 uetustior
680 1489 825 1527 putanda
851 1492 912 1523 est,
937 1487 1053 1516 deinde
1077 1487 1168 1515 mouit
1195 1497 1224 1516 u.
1260 1489 1278 1516 8
1310 1489 1342 1516 h.
1374 1497 1400 1516 e.
1434 1489 1655 1517 misericordia
1687 1489 1854 1526 perspicue
1889 1491 1918 1516 et

88 1545 295 1575 uehementer
320 1550 486 1584 repugnat,
513 1556 549 1575 ac
575 1546 710 1583 denique
737 1545 920 1582 sepulturae
946 1544 1067 1573 mentio
1093 1547 1142 1572 est
1167 1544 1339 1573 contraria.
1367 1544 1502 1582 Propter
1520 1549 1665 1574 ueterum
1682 1554 1800 1575 morem
1819 1544 1919 1573 multo

89 1602 204 1631 melius
231 1611 325 1640 quam
348 1602 452 1631 luxere
478 1606 561 1632 esset
586 1611 688 1631 assere
714 1610 768 1639 pro
794 1601 941 1630 sollemni
967 1600 1038 1637 ped.
1070 1609 1114 1629 or.
1148 1601 1245 1630 uerbo
1276 1600 1458 1629 combussere
1496 1600 1557 1631 Cic.
1584 1601 1661 1630 Diu.
1696 1601 1749 1638 IV,
1786 1602 1824 1630 12
1850 1600 1920 1630 Att.

88 1657 172 1694 XIV,
202 1659 252 1688 10.
278 1658 413 1696 Adpono
439 1659 542 1688 locum
568 1668 609 1688 ex
634 1658 853 1687 Kirclnnanno
879 1658 898 1685 l.
919 1657 938 1685 l.
966 1666 996 1694 p.
1016 1657 1074 1685 48:
1100 1655 1299 1685 Pollinctores
1324 1660 1466 1687 mortuos
1494 1659 1694 1695 unguebant,
1721 1658 1806 1687 unde
1831 1661 1922 1695 patet

91 1713 259 1744 Sidonium
284 1716 458 1753 improprie
479 1715 684 1753 pollinctorem
709 1714 835 1743 dixisse
853 1723 914 1751 pro
949 1713 1052 1742 Ustore
1088 1713 1143 1741 lib.
1181 1712 1239 1750 ΙΙΙ,
1267 1722 1314 1750 ep.
1347 1714 1402 1743 13:
1442 1714 1549 1743 ‘Enim
1576 1723 1651 1744 uero
1677 1714 1734 1746 illa
1760 1713 1922 1743 sordidior

92 1774 153 1807 est,
178 1775 273 1810 atque
299 1771 484 1808 deformior,
511 1772 665 1801 cadauere
691 1771 793 1808 rogali
819 1769 902 1808 quod
927 1768 1051 1798 facibus
1076 1769 1216 1798 admotis
1240 1769 1505 1806 semicombustum,
1533 1780 1672 1808 moxque
1690 1771 1817 1800 sidente
1835 1774 1923 1799 strue

93 1828 229 1857 torrium
257 1827 335 1866 (sic)
363 1828 549 1858 deuolutum
573 1827 706 1856 reddere
730 1835 829 1866 pyrae
854 1826 916 1854 iam
941 1825 1131 1854 fastidiosus
1150 1825 1313 1863 pollinctor
1339 1827 1514 1856 exhorret.⁷
1556 1844 1597 1847 ——
1644 1827 1770 1856 Unxere
1803 1827 1925 1856 habent

91 1882 200 1912 Ambr.
226 1882 317 1912 Harl.
341 1883 435 1913 Fran.
461 1884 557 1913 Bern.
583 1883 613 1912 A
639 1887 670 1912 et
695 1884 784 1912 Parr.
809 1881 945 1924 7B<f>DH
969 1882 1100 1919 aliique.
1126 1881 1221 1911 Hunc
1238 1882 1343 1911 locum
1368 1883 1467 1911 latius
1494 1886 1526 1912 et
1552 1883 1682 1912 uberius
1711 1892 1806 1921 quam
1831 1883 1925 1911 huius

92 1939 245 1968 editionis
271 1941 445 1978 angustiae
471 1941 590 1976 sinunt,
617 1940 669 1969 hic
694 1943 835 1969 tractare
854 1939 935 1976 ipsis
953 1938 1088 1967 scholiis
1109 1938 1244 1975 delatus,
1271 1948 1310 1968 ne
1329 1939 1442 1975 dicam,
1470 1943 1599 1969 coactus
1620 1949 1700 1975 snm,
1728 1949 1791 1969 non
1810 1948 1925 1968 uerens

94 2003 134 2024 ne
152 1995 212 2024 uiri
231 1996 318 2026 docti
337 2000 523 2034 querantur,
542 2000 576 2025 111
591 1997 696 2025 Herm.
719 1996 865 2025 Vsenerus
879 1995 1065 2030 Boi-nensis,
1085 1994 1139 2031 qui
1156 2003 1257 2032 nuper
1274 1996 1320 2024 De
1336 1994 1454 2024 scholiis
1467 1995 1643 2024 Horatianis
1660 1995 1928 2025 commentaticmem

94 2051 213 2088 emisit,
247 2053 355 2082 orbem
382 2054 543 2082 eruditum
568 2053 712 2090 pluribus
737 2061 786 2081 me
812 2051 1028 2081 uoluminibus
1055 2050 1094 2079 de
1119 2050 1256 2080 Horatio
1282 2052 1474 2089 conscriptis
1501 2051 1643 2081 minatam
1667 2051 1765 2081 fuisse
1790 2052 1926 2081 liberius

95 2108 295 2146 iocosiusque
328 2110 429 2138 dixit.
455 2108 548 2138 Certe
575 2118 611 2138 ea
636 2118 716 2147 quae
741 2109 938 2144 coaceruaui,
965 2108 1114 2145 congessi
1141 2111 1173 2136 et
1197 2117 1259 2137 non
1285 2109 1356 2137 sine
1381 2108 1487 2146 aliquo
1512 2108 1629 2138 iudicio
1655 2108 1784 2147 digesta
1812 2117 1887 2137 uera
1910 2117 1927 2136 a

96 2163 189 2194 falsis
207 2164 391 2200 diiudicaui,
418 2166 612 2203 perlustrare
637 2165 811 2202 aliquando
837 2165 922 2193 hunc
948 2167 1098 2201 argutum
1124 2173 1160 2192 ac
1185 2165 1385 2202 petulantem
1411 2165 1572 2194 hominem
1598 2175 1661 2194 non
1687 2165 1876 2203 paenitebit.

215 2221 248 2260 1)
273 2221 410 2251 obiicitur
426 2222 462 2251 R.
480 2222 548 2251 rell.
574 2221 698 2251 dicitur.
723 2230 756 2263 γε
783 2220 974 2250 homicidam.
1000 2221 1107 2249 uirum
1124 2221 1239 2250 fortem
1257 2231 1312 2258 pro
1331 2230 1366 2249 eo
1384 2221 1468 2258 quod
1485 2222 1652 2250 hominum
1669 2225 1767 2258 atque
1786 2221 1929 2249 hostium

97 2278 218 2307 occisor
241 2277 316 2307 fuit.
342 2279 464 2308 imitari
488 2279 592 2308 uoluit
617 2278 789 2307 Homerum
818 2277 870 2315 (ΙΙ.
896 2277 922 2314 I,
950 2276 1042 2314 242).
1080 2276 1257 2306 homicidam
1294 2287 1348 2315 pro
1378 2276 1445 2306 uiro
1464 2276 1556 2316 forti.
1586 2278 1702 2307 Graece
1726 2276 1804 2306 enim
1826 2276 1929 2305 uoluit

99 2333 204 2362 dicere
229 2335 320 2372 quasi
344 2334 480 2364 uirorum
503 2334 626 2364 occisor.
654 2331 668 2375 ΙΙ
695 2335 812 2363 Graece
836 2333 912 2362 enim
933 2332 1051 2362 dicitur
1075 2332 1257 2371 anclrcfforos
1284 2333 1346 2371 (sic
1371 2343 1426 2371 pro
1451 2330 1645 2376 ἀνδροφόνος
1670 2332 1732 2371 (0).
1759 2333 1865 2363 uoluit
1890 2341 1930 2361 ne

99 2385 328 2433 ἀνδροφθόρος,
355 2392 440 2429 quod
465 2396 514 2421 est
539 2387 723 2433 λαοφθόρος
748 2391 818 2420 siue
841 2386 1000 2432 λαοφόνος
1030 2389 1161 2418 Theocr.
1187 2389 1288 2426 XVII,
1315 2387 1407 2428 53?).
1449 2389 1555 2419 Licuit
1580 2390 1684 2428 inquit
1709 2392 1741 2418 et
1765 2389 1931 2417 hectorem

98 2446 231 2485 sepelire.
257 2451 428 2486 postquam
453 2448 565 2478 achiles
589 2448 711 2485 priamo
737 2447 880 2485 supplice
905 2446 1086 2475 declinatus
1113 2449 1171 2475 est.
1200 2444 1365 2483 Scriptura
1389 2445 1522 2475 Achiles
1555 2455 1618 2475 11011
1650 2445 1751 2474 solum
1783 2445 1816 2473 in
1848 2447 1929 2473 uett.

100 2503 192 2533 codd.
218 2501 297 2534 Hor.
316 2508 351 2533 ut
367 2504 454 2534 Parr.
471 2504 573 2547 ΑγΒφ
591 2504 726 2534 occurrit
744 2503 800 2532 sed
818 2504 915 2532 etiam
941 2503 975 2531 111
1001 2503 1136 2540 picturis
1162 2511 1347 2541 graecorum
1373 2511 1533 2539 uasorum,
1559 2505 1594 2532 ut
1612 2502 1643 2530 in
1661 2504 1752 2538 parte
1778 2501 1932 2530 interiore

101 2560 160 2591 cel.
193 2560 278 2589 illius
311 2569 329 2589 a
359 2559 451 2590 Sosia
481 2560 617 2590 confecti
653 2569 723 2589 cum
756 2559 968 2597 inscriptione
998 2555 1140 2601 Αχίὶευς,
1186 2559 1276 2588 cuius
1308 2559 1557 2596 explicationem
1588 2558 1747 2596 publicani
1778 2558 1810 2586 in
1845 2557 1936 2585 Faus&

104 2616 261 2646 Zeitschr.
287 2616 309 2646 f.
334 2616 462 2650 Kunst,>
480 2616 676 2646 Wissensch.
703 2626 734 2645 u.
761 2615 873 2653 gesell.
900 2615 1019 2644 Leben.
1046 2615 1135 2652 Lips.
1167 2616 1263 2645 1860.
1296 2616 1336 2644 N.
1364 2615 1483 2644 6-14,
1510 2625 1540 2653 p.
1568 2614 1732 2644 93—222.
1797 2612 1832 2650 5)
1859 2622 1933 2641 con-

103 2672 276 2702 tentionem
304 2672 341 2701 R.
367 2672 549 2711 pervicacis.
582 2672 830 2711 perseuerantis
865 2672 1048 2701 insolentis.
1081 2671 1253 2701 Scholion:
1280 2671 1461 2710 Peruicaces
1491 2672 1642 2701 dicuntur
1675 2671 1729 2708 qui
1762 2670 1795 2698 in
1827 2670 1933 2707 aliquo

105 2729 279 2758 certamine
305 2738 406 2767 usque
430 2730 472 2758 ad
494 2728 672 2758 uincendum
695 2732 901 2767 perseuerant
926 2732 963 2758 ut
983 2727 1093 2766 pernix
1118 2737 1135 2757 a
1155 2727 1334 2765 pernitendo
1366 2727 1424 2768 TC.
1456 2737 1485 2756 u.
1524 2729 1572 2756 18.
1605 2726 1753 2764 relapsus.
1785 2734 1934 2754 reuersus

106 2783 216 2813 Ambr.
240 2793 266 2825 γ.
292 2784 414 2814 relatas.
440 2794 588 2815 reuersus
603 2784 637 2814 C.
654 2785 825 2814 Lectiones
851 2788 931 2813 uett.
959 2784 1050 2813 codd.
1076 2784 1214 2820 uariant,
1242 2784 1289 2812 ita
1314 2788 1350 2812 ut
1373 2784 1473 2812 maior
1498 2792 1605 2812 earum
1631 2792 1702 2820 pars
1721 2785 1777 2811 aut
1793 2781 1933 2819 relapsus

108 2841 235 2877 habeat,
276 2844 311 2869 ut
335 2840 445 2870 Ambr.
471 2841 561 2870 Baro.
587 2842 676 2870 Parr.
713 2841 814 2884 ΒφγΟ
854 2841 932 2879 (11011
956 2840 969 2868 Ι
996 2843 1031 2868 111
1056 2840 1190 2869 Pottier.
1217 2839 1291 2878 ref.)
1330 2843 1400 2875 etc„
1438 2843 1493 2868 aut
1519 2839 1644 2875 relatus,
1670 2841 1704 2867 ut
1728 2837 1846 2867 Bernn.
1872 2837 1935 2866 KA

107 2897 196 2926 Parr.
222 2896 370 2931 EHIQR.
397 2897 433 2926 In
449 2898 478 2926 D
499 2907 581 2926 man.
613 2899 628 2926 1
655 2902 732 2927 mut.
751 2907 828 2935 psus
853 2897 885 2925 in
912 2901 967 2933 tas,
994 2900 1029 2925 ut
1054 2897 1087 2925 in
1112 2896 1206 2925 Bern.
1235 2895 1260 2925 C
1279 2897 1296 2924 2
1316 2905 1358 2924 m.
1384 2898 1463 2924 mut.
1489 2899 1534 2923 tus
1560 2895 1592 2923 111
1611 2904 1699 2932 psus.
1723 2893 1813 2924 Harl.
1838 2893 1935 2922 habet

112 2952 233 2982 helanus
257 2952 313 2992 (ad
338 2962 466 2982 sensum
483 2953 568 2982 haud
586 2953 631 2982 ita
647 2953 746 2991 male)
772 2957 807 2982 ut
832 2952 952 2989 Pani),
978 2952 1061 2989 quod
1086 2952 1221 2981 Pottier.
1248 2952 1330 2989 legit
1354 2951 1489 2987 delatus,
1516 2960 1571 2988 pro
1596 2949 1708 2986 elatus,
1739 2954 1775 2979 ut
1800 2950 1934 2983 aeditus,

110 3009 239 3046 aelapsa
262 3009 389 3047 aliaque
414 3009 447 3038 id
472 3018 584 3047 genus.
611 3008 702 3038 Unus
730 3009 769 3047 (x
793 3005 954 3049 Regsftlle
980 3008 1042 3036 iam
1067 3008 1174 3037 dictus
1207 3008 1245 3037 ad
1277 3018 1306 3036 u.
1340 3007 1395 3046 11)
1428 3006 1526 3035 habet
1558 3007 1692 3036 relaxas.
1726 3005 1822 3035 uliaeis
1853 3004 1935 3033 MR2

114 3062 284 3102 (GPQ),rv.
308 3065 435 3104 Ulyssis
461 3064 526 3094 afh.
555 3082 591 3085 —Q
620 3064 812 3095 uincendum
837 3073 864 3105 γ.
893 3064 961 3093 rell.
980 3064 1125 3101 peruinc.
1193 3064 1226 3102 6)
1255 3063 1317 3093 Sed
1341 3067 1369 3092 et
1391 3062 1461 3091 MR.
1496 3063 1564 3092 rell.
1599 3072 1658 3092 om.
1692 3067 1726 3091 et.
1793 3062 1826 3099 7)
1851 3059 1938 3099 quasi

112 3118 297 3159 MR(G‘?Q).
324 3131 416 3160 quam
441 3122 470 3151 2.
497 3122 572 3160 quia
595 3131 661 3151 rva.
687 3131 747 3151 0111.
774 3121 819 3151 fh.
884 3121 918 3159 8)
944 3124 980 3150 ut
1004 3118 1299 3158 MR(G?Q),rvafh.
1336 3119 1419 3157 quod
1453 3119 1481 3148 2.
1515 3119 1596 3148 adeo
1628 3128 1713 3148 omn.
1747 3117 1832 3146 libri.
1866 3116 1936 3145 ideo

114 3174 192 3214 (G?)
218 3177 315 3206 tacite
340 3177 456 3207 inculc.
484 3177 521 3212 Q.
548 3196 587 3197 νή
616 3195 655 3197 νᾳ
680 3177 768 3215 quasi
791 3181 850 3206 tam
875 3176 1007 3213 pulchra.
1031 3176 1083 3211 sit,
1111 3180 1146 3205 ut
1170 3194 1206 3197 —
1240 3175 1275 3204 C.
1332 3174 1367 3213 9)
1394 3175 1451 3204 hoe
1478 3174 1578 3209 zvfh.
1605 3175 1689 3204 haec.
1716 3171 1934 3211 MRG(Q),ra.
