2170 3460
139 953 175 983 10

139 1320 174 1349 15»

203 154 284 193 140
831 157 936 189 ACR.
962 156 1021 187 ET
1046 155 1212 186 PORPH.
1239 153 1386 186 ooMM.

316 287 379 326 16.
412 298 489 325 neu
519 284 650 324 w'uaoe
681 295 743 336 ap.
803 278 891 320 Diu
921 278 1178 319 uiriditatem
1200 276 1396 325 retinens,
1429 273 1546 315 euius
1567 286 1751 328 perenne
1772 272 1917 314 folium
1938 287 2024 314 non

203 359 340 400 deficit
369 356 593 398 uiriditate.

312 446 387 472 'neu
420 430 538 470 breue
570 428 625 468 le'l.
687 426 818 466 Breue
850 424 903 464 ad
933 431 1100 478 tempus
1130 422 1298 463 rettulit.

315 505 378 544 17.
404 511 557 559 putres.
615 498 757 540 Nimio
788 504 888 552 potu
918 503 1151 537 marcentes
1183 502 1220 536 et
1251 493 1428 535 libidine
1458 492 1674 533 resolutos.

314 578 378 618 ΞΟ.
412 576 582 616 luscinis.
643 572 692 612 In
724 570 891 611 diuersa
922 567 1253 610 discurrentibus
1284 575 1324 608 et
1352 566 1486 622 uagis.

314 650 566 690 ambitmsz'01·.
626 644 839 696 Quoniam
869 642 1029 683 ambitu
1060 649 1098 682 et
1130 640 1470 696 concupiscentia
1501 639 1699 694 amplexu
1728 638 1850 680 facile
1892 653 1935 679 se
1966 638 2023 679 ita

203 723 361 779 infiget,
393 729 434 763 ut
467 720 645 761 hederae
676 723 992 760 consueuerunt.
1018 737 1021 739 ·

931 846 1035 890 PoR
1042 844 1292 888 PHYRION.

316 942 364 982 Et
396 949 482 981 mre
515 948 549 980 el
575 940 642 994 sid.
675 940 697 979 ι’.
725 955 764 994 p.
797 946 830 980 el
860 953 900 978 u.
922 954 952 978 s.
977 937 1013 977 d.
1047 952 1077 977 c.
1100 937 1149 979 N.
1175 937 1210 977 d.
1279 933 1405 976 Hane
1436 933 1544 975 oden
1577 932 1720 974 scribit
1751 932 1795 973 in
1824 933 2025 974 honorem

200 1014 408 1069 Pomponi
439 1013 608 1054 nomine
639 1011 866 1061 Numidae,
904 1026 981 1066 pro
1013 1009 1130 1051 euius
1169 1009 1300 1050 salute
1339 1008 1498 1048 reuersi
1535 1022 1586 1048 ex
1622 1006 1892 1048 Mauretania
1927 1012 2025 1047 uota

202 1088 362 1130 soluere
394 1101 574 1141 aequum
605 1100 693 1127 esse
726 1084 838 1126 (11011.

314 1162 350 1202 1.
383 1169 419 1202 ec
445 1161 605 1216 fidibus,
666 1158 881 1199 Fidicines
912 1157 1119 1212 hodieque
1150 1156 1311 1198 Romae
1349 1155 1402 1197 ad
1443 1154 1649 1197 sacrificia
1686 1152 1878 1195 adhiberi
1919 1151 2023 1194 sicut

199 1235 406 1284 tibicines,
437 1248 559 1275 nemo
591 1240 649 1274 est
682 1232 753 1287 qui
783 1232 952 1274 nesciat.

314 1309 350 1348 1.
384 1310 419 1347 2.
452 1309 576 1349 iuuat.
602 1308 659 1362 pl.
699 1307 858 1349 Nume'd.
892 1307 994 1347 deos.
1028 1306 1202 1346 Placere
1242 1318 1318 1359 pro
1349 1317 1398 1345 eo
1431 1302 1541 1358 quod
1573 1309 1634 1343 051
1662 1303 1838 1357 qratiam
1876 1301 2026 1355 referre

201 1380 541 1437 intellegendum,
575 1395 657 1422 non
688 1387 730 1421 ut
761 1379 921 1435 placari
952 1379 1048 1419 irati
1086 1378 1293 1419 dicuntur.
1353 1375 1463 1418 Cum
1503 1376 1615 1417 enim
1644 1374 1874 1417 Numidam
1914 1374 2025 1415 dicat

201 1454 399 1509 sospitem
431 1453 617 1504 rediisse,
650 1462 825 1508 apparet
857 1468 950 1493 eum
982 1452 1081 1493 deos
1098 1451 1304 1507 propitios
1325 1451 1450 1492 etiam
1473 1458 1567 1491 ante
1589 1449 1795 1491 sacrificia
1816 1447 2024 1490 habuisse.

206 1528 391 1570 Custodes
421 1535 558 1568 autem
589 1542 665 1582 pro
697 1525 1060 1568 conseruatoribus
1092 1525 1362 1580 accipiamus.

311 1603 348 1641 4.
382 1603 451 1656 qni
477 1616 584 1642 nunc
619 1602 804 1657 Hesperia
837 1616 968 1656 sospes
1000 1601 1047 1641 ab
1078 1615 1118 1641 u.
1177 1598 1363 1640 Numida
1394 1598 1462 1640 hic
1484 1613 1535 1640 ex
1555 1596 1837 1646 Mauretania,
1869 1595 1913 1637 in
1943 1610 2026 1650 qua

134 1687 145 1699 ·’
200 1674 464 1724 militauerat,
502 1689 691 1715 reuersus
722 1680 794 1715 cst.
854 1673 973 1729 Ergo
994 1673 1247 1728 Hesperiam
1269 1687 1381 1714 1111110
1402 1671 1620 1714 occiduam
1642 1677 1806 1726 partem
1826 1669 2025 1725 intellege

199 1762 281 1789 non
314 1754 357 1788 ut
388 1747 597 1802 Hesperia
627 1762 652 1788 a
682 1746 874 1803 Vergilio
905 1746 1028 1787 Italia
1058 1746 1222 1788 dicitur.

312 1825 349 1862 ὅ.
389 1829 501 1862 actae
536 1835 615 1862 'non
656 1822 733 1862 alio
770 1835 859 1875 ‘reqe
892 1821 1089 1876 puertiae.
1155 1821 1323 1861 Paterna
1360 1835 1437 1875 pro
1476 1820 1657 1861 Puer-itia
1695 1832 1771 1874 per
1811 1831 2025 1873 syncopen

200 1893 316 1934 dixit.
379 1892 600 1949 Significat
632 1900 768 1935 autem
798 1893 1080 1948 Pomponium
1112 1893 1222 1935 hunc
1252 1892 1482 1935 Numidam
1513 1908 1537 1934 a
1568 1892 1748 1948 pueritia
1763 1890 1918 1932 Lamia
1947 1905 2024 1946 pa-

199 1975 318 2009 trono
349 1983 481 2009 usum.

313 2044 348 2081 9.
383 2050 631 2096 rmclataeque
660 2042 779 2083 simul
809 2050 931 2097 loque.
975 2041 1226 2082 Praetextae
1246 2041 1390 2096 utique
1411 2048 1534 2097 togae
1556 2046 1752 2090 mutatae,
1780 2054 1863 2094 qua
1893 2038 2024 2094 depo-

200 2114 277 2155 sita
308 2114 443 2155 uirilis
474 2114 688 2169 accipitur.
747 2114 832 2155 Per
862 2115 941 2156 hoc
971 2114 1181 2169 significat
1212 2129 1283 2156 eos
1314 2115 1472 2170 pariter
1502 2113 1748 2156 adoleuisse.

317 2189 380 2228 10.
420 2188 556 2229 Cressa
587 2204 623 2228 η.
658 2204 689 2229 c.
714 2204 757 2243 p.
789 2189 825 2228 (Ι.
855 2202 893 2228 η.
952 2186 1112 2229 Album
1144 2187 1352 2230 calculum
1397 2188 1579 2229 Cressam
1608 2195 1743 2229 notam
1774 2185 1888 2235 dicit,
1926 2184 2025 2240 quia

201 2258 474 2302 Cretensibus
491 2276 579 2302 mos
610 2268 710 2310 erat,
742 2260 871 2302 laetos
901 2261 991 2302 dies
1023 2260 1195 2303 calculis
1225 2260 1332 2302 albis
1362 2276 1466 2316 quos
1496 2260 1539 2301 in
1571 2260 1789 2316 pharetras
1804 2258 2024 2300 mittebant

199 2341 356 2383 notare,
389 2334 525 2375 tristes
556 2344 693 2375 autem
724 2333 870 2390 nigris.
930 2333 1015 2376 Per
1044 2333 1124 2376 hoc
1154 2349 1256 2390 ergo
1287 2334 1388 2376 dicit
1413 2333 1562 2391 [nune]
1586 2339 1709 2389 poeta
1734 2333 1889 2374 laetum
1911 2331 2023 2373 diem

132 2418 148 2444 5’
199 2406 464 2462 exigendum.

313 2480 376 2519 11.
411 2481 473 2520 12.
506 2494 581 2521 neu
608 2489 818 2536 promplae
848 2496 898 2522 m.
931 2497 966 2522 α.
997 2496 1037 2522 η.
1067 2496 1117 2522 m.
1137 2482 1161 2522 τ’.
1194 2481 1352 2523 Salium
1373 2498 1402 2523 s.
1424 2496 1455 2522 r.
1469 2497 1513 2538 p.
1560 2481 1645 2522 Per
1666 2480 1778 2536 quod
1800 2479 2022 2537 significat,

198 2559 235 2593 01
267 2552 427 2608 largius
458 2552 686 2595 bibendum
717 2561 757 2595 et
787 2553 1033 2596 saltandum.
1097 2553 1203 2596 Salii
1225 2561 1363 2597 autem
1385 2555 1623 2597 sacerdotes
1643 2553 1797 2596 Martis
1817 2553 2023 2609 hodieque

315 2766 346 2803 l)
375 2765 472 2793 schol.
499 2776 558 2794 om.
587 2766 624 2795 A.
652 2768 740 2796 cuius
768 2776 847 2804 pene
874 2766 929 2798 fol.
955 2767 1087 2808 ssuaa.
1115 2777 1210 2805 poene
1236 2768 1290 2797 fol.
1317 2778 1379 2798 mv.
1413 2769 1533 2798 retinet,
1559 2769 1587 2797 2.
1618 2768 1674 2797 fol.
1700 2777 1782 2806 pene
1812 2767 1857 2797 fh.
1889 2774 2023 2805 perenne

198 2821 252 2850 sol.
294 2832 315 2849 r.
376 2822 410 2859 4)
445 2827 668 2850 manresa-vulsa<
702 2824 748 2854 fh,
792 2824 862 2853 rell.
899 2828 1067 2853 mareau-s.
1109 2824 1138 2853 in
1172 2835 1267 2853 marc.
1302 2826 1330 2855 2.
1391 2826 1425 2863 5)
1460 2825 1599 2855 Dium-se
1631 2826 1710 2854 disc.
1745 2825 1774 2854 2.
1840 2823 1875 2861 6)
1908 2823 2021 2852 habitu

202 2878 258 2908 1‹},
323 2881 357 2915 εὶ)
385 2879 591 2917 :uuplvxthm
619 2880 646 2908 2.
698 2881 730 2917 T)
759 2891 791 2908 51·
817 2890 877 2912 om,
904 2881 987 2922 Λγ,ι“.
1013 2880 1103 2917 z'nlig.
1131 2881 1217 2922 A·(‚r.
1243 2881 1354 2917 alliget
1385 2892 1407 2913 Γ.
1435 2882 1505 2913 rell.
1530 2881 1648 2920 illiget.

311 2934 462 2964 Pom’ll.
512 2936 581 2963 (Μι-
606 2935 753 2965 xxxvl!
791 2936 825 2966 lt.
863 2941 927 2966 tare
954 2938 1112 2975 scriptura
1139 2942 1292 2967 constans
1319 2942 1399 2967 uett.
1428 2939 1520 2971 codd,
1572 2938 1627 2976 11)
1654 2936 1804 2976 pomponi
1825 2936 1868 2968 M.
1913 2954 1934 2957 —
1962 2945 2022 2965 nu-

197 2990 282 3019 mido
308 2990 350 3018 M.
379 3003 394 3018 1·
420 3000 519 3020 maur.
548 2992 570 3019 l:
622 2993 821 3021 mauretania
846 2993 889 3022 M.
918 2994 988 3022 rell.
1015 2993 1144 3024 maurit.
1200 2994 1254 3031 12)
1287 2995 1368 3023 solui
1395 2995 1432 3026 R.
1461 2996 1507 3024 ait
1535 2996 1563 3025 2.
1616 2991 1671 3034 13)
1694 2994 1838 3023 fidicines
1850 2992 1963 3022 MAR2
1990 2996 2019 3021 et

196 3045 290 3075 Auct.
319 3056 346 3083 p.
374 3048 449 3076 651).
479 3047 551 3077 «ahl.
579 3048 734 3077 fidit-inus.
771 3049 809 3077 :ul
837 3059 927 3078 sacra
952 3050 988 3079 R.
1022 3053 1055 3078 ut
1086 3051 1114 3079 2.
1167 3050 1221 3088 17)
1249 3050 1336 3079 etiam
1361 3050 1519 3081 MARQG.
1546 3051 1614 3082 rell.
1640 3055 1676 3080 ec.
1730 3050 1784 3089 19)
1811 3050 1866 3079 ubi
1891 3049 1960 3079 mil.
1987 3049 2018 3080 2.

198 3102 254 3139 22)
276 3102 617 3141 persyncopenM2,a.
645 3106 862 3142 syncupmnlt.
891 3107 959 3134 sine
986 3115 1031 3134 rv.
1058 3103 1142 3136 κατά
1167 3102 1327 3148 συνκοπὴν
1343 3106 1387 3136 111.
1437 3107 1494 3144 25)
1522 3111 1718 3144 praetextam
1732 3106 1797 3136 afh.
1846 3105 1905 3144 27)
1933 3105 2022 3134 dixit

196 3157 232 3188 R.
288 3159 345 3197 29)
371 3168 441 3199 eryt)
466 3169 525 3188 om.
552 3158 596 3191 fh,
623 3170 698 3189 nuuc
723 3170 782 3190 om.
809 3161 840 3190 M
867 3167 895 3191 et
924 3162 995 3191 edd.
1060 3162 1118 3200 31)
1146 3171 1203 3192 nec
1229 3162 1265 3192 R.
1327 3162 1385 3201 32)
1413 3163 1508 3193 hodie
1532 3172 1643 3202 quoque
1667 3163 1703 3193 R.
