2283 3535
297 1008 336 1039 10

292 1377 332 1407 15

364 206 446 245 408
1008 216 1113 247 Aen..
1139 217 1198 247 ET
1226 216 1392 247 PORPH.
1418 215 1566 248 OOMM.

480 340 590 380 Thes.
622 354 657 379 a.
690 354 722 380 c.
753 353 793 379 u.
821 341 864 380 P.
923 338 1111 380 Theseus
1142 346 1180 380 et
1211 339 1426 380 Pirithous
1457 339 1581 380 amici
1613 340 1792 389 fuerunt,
1826 354 1929 393 quos
1960 339 2062 380 dicit
2092 354 2194 381 con-

362 412 498 452 iurata
537 411 724 453 amicitia
754 412 878 453 morti
910 412 1019 467 eripi
1064 427 1147 453 non
1187 412 1390 465 potuisse3
1438 427 1534 453 nam
1566 412 1755 453 uolentes
1786 411 2089 467 Proserpinam
2125 427 2193 453 ra-

360 499 461 540 pere
494 485 607 539 apud
638 485 794 527 inferos
825 493 1129 528 remanserunt.

1098 613 1450 658 PORPHYRION.

475 706 572 761 Diffi
605 720 643 746 η.
707 705 892 746 Carmen
923 704 1001 745 hoc
1032 705 1153 745 uerni
1184 705 1385 759 temporis
1410 704 1552 760 [habet
1570 705 1628 761 et]
1653 705 1837 746 continet
1857 704 2195 759 descriptionem.

363 776 575 819 Scribitur
606 785 744 819 autem
777 778 830 819 ad
862 777 1137 832 Torquatum.

473 853 509 892 4.
544 860 579 892 et
608 852 715 893 decr.
748 853 862 907 ripas
890 852 930 907 sl.
957 866 1024 907 pr.
1083 850 1134 891 Id
1165 860 1244 892 est:
1278 859 1444 905 praeter
1476 851 1589 905 ripas
1621 867 1715 893 suas
1737 859 1833 893 eunt
1864 851 2051 902 flumina,
2084 851 2196 906 quod

361 923 585 979 significat,
618 924 733 979 ripas
765 939 860 966 suas
884 939 969 965 non
1000 924 1216 975 excedere,
1249 925 1322 966 sed
1353 925 1462 965 intra
1493 925 1659 966 alueum
1689 925 1788 966 labi.

480 999 515 1038 6.
549 1013 585 1038 α.
619 999 764 1039 ducere
795 1013 834 1040 η.
867 999 924 1039 ch.
986 998 1122 1048 Nuda,
1156 998 1255 1052 quia
1276 998 1359 1038 iam
1391 997 1552 1053 frigora
1583 998 1753 1039 exclusa
1784 1005 1891 1039 sunt.

474 1075 509 1111 7.
542 1072 703 1113 imnorl.
733 1087 773 1113 n.
806 1087 862 1127 sp.
896 1086 945 1112 m.
979 1086 1015 1112 a.
1074 1070 1126 1111 Id
1164 1077 1244 1112 est:
1290 1086 1342 1112 ne
1381 1070 1483 1126 quid
1520 1077 1641 1126 putes
1678 1071 1900 1112 inmortale
1940 1085 2030 1113 esse
2071 1077 2195 1126 atque

358 1150 631 1200 perpetuum:
662 1145 826 1200 respice
857 1144 958 1185 anni
988 1150 1192 1199 tempora,
1224 1159 1403 1198 quorum
1432 1145 1762 1200 unumquodque
1784 1145 1977 1187 celeriter
1997 1145 2194 1187 occidens

359 1218 432 1259 alii
464 1218 586 1260 cedit.

475 1293 539 1333 13.
573 1293 720 1334 damna
753 1301 776 1333 t.
811 1293 956 1334 celeres
987 1307 1021 1333 r.
1054 1293 1148 1334 cael.
1181 1292 1204 1332 l.
1269 1290 1379 1333 Cum
1411 1292 1706 1334 condicionom
1736 1292 2002 1334 mortalitatis
2032 1298 2199 1334 nostrae

359 1365 621 1421 temporibus
653 1366 753 1407 anni
785 1373 1084 1421 comparasset,
1108 1365 1192 1421 {fine
1221 1365 1467 1407 uiderentur
1497 1373 1535 1407 et
1566 1365 1757 1408 homines
1788 1366 1966 1417 renasci,
1988 1366 2002 1422 ΙΙ
2020 1373 2062 1408 ut
2093 1374 2198 1407 tem-

357 1455 464 1495 pora
495 1440 648 1482 intulit.

475 1516 538 1556 15.
572 1529 648 1570 quo
671 1515 769 1570 pius
800 1516 852 1555 A.
885 1529 917 1570 q.
953 1508 1098 1555 Tzdlus
1130 1514 1242 1555 diues
1283 1529 1311 1553 e.
1349 1517 1396 1554 Α.
1476 1513 1572 1554 Hoc
1617 1513 1712 1555 ideo
1744 1513 1858 1564 dicit,
1903 1521 1949 1555 ut
1993 1513 2197 1563 ostendat,

359 1588 654 1629 condicionem
683 1587 950 1629 mortalitatis
981 1586 1176 1628 omnibus
1207 1586 1449 1628 hominibus
1482 1601 1744 1628 communem
1778 1602 1880 1628 esse.

475 1664 540 1703 17.
574 1664 663 1718 quis
694 1677 747 1704 sc.
780 1677 833 1703 cm
865 1662 930 1702 ad.
961 1661 998 1701 Ιι.
1031 1677 1063 1702 c.
1094 1662 1206 1702 uisae
1240 1669 1262 1701 t.
1296 1661 1332 1701 d.
1365 1676 1395 1701 s.
1459 1658 1579 1712 Quis,
1612 1660 1761 1715 inquit,
1795 1660 1884 1710 scit,
1916 1675 1971 1701 an
2001 1660 2055 1701 ad
2086 1675 2198 1702 sum-

359 1751 472 1776 mam
503 1751 711 1777 annorum
743 1736 867 1785 uitae,
902 1749 1028 1789 quam
1058 1733 1310 1775 hodiernum
1341 1748 1473 1788 usque
1505 1733 1652 1788 egisti,
1689 1733 1896 1775 crastinus
1928 1733 2018 1775 dies
2048 1733 2198 1775 adiun-

358 1815 496 1865 gatur,
528 1808 573 1850 id
606 1816 686 1850 est:
720 1808 813 1863 quis
845 1808 935 1858 scit,
967 1822 1021 1848 an
1053 1822 1146 1849 cras
1176 1807 1365 1848 uicturus
1386 1807 1456 1857 sis,
1490 1822 1583 1848 cum
1605 1807 1728 1849 facile
1751 1813 1790 1848 et
1812 1822 2075 1863 quacumque
2096 1807 2200 1849 hora

357 1883 494 1938 possis
525 1883 745 1924 occidere?

473 1957 538 1997 19.
573 1966 716 1998 cuncta
747 1971 798 1997 m.
829 1971 863 1996 a.
894 1957 924 2009 f.
956 1955 992 1996 Ιι.
1026 1970 1063 1995 a.
1123 1954 1175 1995 Id
1207 1961 1286 1996 est:
1319 1953 1424 1995 illud
1455 1960 1572 1995 tuum
1603 1954 1682 1996 erit
1711 1961 1886 2005 tantum,
1929 1955 2054 2010 quod,
2099 1955 2198 1996 dum

356 2029 481 2080 uiuis,
513 2030 673 2071 fructus
703 2029 847 2071 fueris.

475 2105 540 2144 21.
574 2113 609 2145 et
640 2105 686 2145 cle
718 2112 742 2145 t.
774 2104 878 2147 s-M-
897 2104 928 2156 f.
963 2118 998 2143 a.
1057 2101 1154 2144 Non
1176 2102 1296 2144 dicit:
1330 2102 1429 2143 dum
1466 2102 1734 2157 splendidum
1756 2109 2033 2158 ornatumque
2053 2102 2199 2144 fecerit

477 2261 510 2299 1)
537 2260 656 2299 pyrith.
684 2270 708 2289 r.
736 2259 845 2298 pirith.
871 2258 1015 2302 721,CQ.
1040 2259 1110 2288 rell.
1138 2259 1269 2297 perith.‚
1297 2262 1331 2288 ut
1357 2259 1428 2288 Par.
1455 2259 1532 2288 Alss
1560 2262 1591 2289 et
1616 2259 1657 2288 K.
1685 2259 1766 2289 conf.
1792 2259 1850 2297 III,
1882 2260 1913 2296 4,
1941 2260 1993 2290 80.
2020 2277 2057 2282 —
2086 2259 2198 2289 coniu-

359 2320 440 2346 ratos
463 2316 500 2346 R.
526 2316 558 2346 in
583 2317 675 2346 amic.
701 2316 761 2346 R2.

475 2372 510 2412 *)
538 2374 576 2415 Tb
603 2374 700 2403 etiam
726 2373 766 2402 ad
791 2374 822 2402 h.
847 2382 874 2401 0.
901 2374 1023 2402 scholia
1049 2374 1209 2402 exhibent
1235 2382 1319 2402 noua
1345 2381 1445 2410 eaque
1471 2373 1552 2402 bene
1577 2374 1709 2411 scripta.

472 2429 628 2460 PORPH.
678 2429 748 2460 Ode
774 2429 961 2459 LXXXXV.
1016 2430 1069 2459 Ad
1093 2433 1279 2468 torquatum
1305 2429 1340 2458 R.
1407 2429 1440 2468 6)
1468 2429 1571 2459 Car-m.
1598 2430 1657 2459 hoc
1681 2429 1746 2457 M2.
1774 2429 1871 2458 habet
1898 2432 1929 2458 et
1954 2438 2014 2458 om.
2040 2428 2198 2459 MAR2G.

360 2488 395 2527 8)
422 2496 480 2525 quo
505 2486 551 2517 fh.
578 2487 648 2516 rell.
675 2487 770 2525 quod.
821 2487 855 2526 9)
884 2488 949 2516 laui
967 2487 1009 2516 M.
1062 2487 1118 2526 12)
1145 2487 1227 2525 quod
1251 2486 1297 2516 fh.
1325 2486 1396 2515 rell.
1424 2495 1568 2524 quorum.
1595 2495 1677 2515 nunc
1702 2495 1823 2523 quoque
1841 2485 1914 2514 edd.
1940 2494 2031 2514 unum
2055 2485 2198 2524 quodque

358 2543 447 2573 AR2.
473 2553 551 2573 nunc
576 2543 720 2582 quodque
745 2543 793 2573 M.
846 2544 902 2583 13)
929 2544 1014 2573 aliud
1036 2544 1153 2573 inculc.
1181 2542 1209 2578 Q
1235 2547 1310 2573 ante
1335 2542 1398 2572 alii.
1452 2543 1506 2581 14)
1535 2541 1627 2572 Conf.
1655 2542 1729 2571 Aer.
1755 2542 1795 2571 ad
1820 2542 1897 2571 odae
1922 2542 2069 2579 praeced.
2096 2551 2125 2570 u.
2145 2542 2198 2571 40.

361 2600 439 2634 Quia
464 2601 557 2631 cond.
585 2600 660 2639 KG,
688 2602 742 2639 qui
768 2601 885 2630 habet:
926 2600 1010 2635 Quia
1035 2600 1126 2630 cond.
1151 2610 1212 2629 mo.
1240 2603 1336 2637 temp.
1363 2609 1413 2628 an.
1441 2598 1641 2637 comparauit,
1681 2608 1720 2627 ne
1744 2599 1950 2627 crederentur
1983 2601 2013 2627 et
2039 2598 2122 2628 hom.
2150 2606 2199 2627 re-

359 2658 461 2697 nasci,
500 2662 655 2696 tempora,
694 2658 936 2686 immutationes
971 2656 1216 2695 (imminutiones
1241 2656 1282 2694 R)
1318 2656 1548 2686 elementorum
1574 2655 1641 2683 siue
1674 2658 1863 2693 temporum,
1902 2654 2044 2692 reparari
2069 2654 2198 2692 quidem

361 2714 451 2751 dicit,
479 2715 533 2743 sed
560 2714 783 2743 condicionem
810 2714 1020 2744 mortalitatis
1046 2718 1081 2743 ut
1107 2722 1309 2742 cummunem
1327 2713 1476 2742 omnibus
1497 2712 1542 2741 ita
1560 2711 1651 2741 nobis
1677 2712 1820 2741 ostendit
1846 2721 1914 2741 esse
1940 2711 2197 2748 inreparabilem.

361 2780 473 2800 sensus
500 2772 611 2808 itaque
637 2775 702 2799 est:
742 2771 817 2800 licet
844 2774 987 2808 tempora
1013 2771 1087 2799 anni
1113 2779 1168 2807 per
1195 2770 1280 2798 uices
1307 2769 1481 2798 uideantur
1509 2769 1665 2805 occidere,
1704 2772 1812 2797 tamen
1837 2777 1897 2797 non
1924 2768 2084 2803 occidunt,
2122 2767 2199 2805 quia

361 2837 416 2865 per
442 2828 567 2857 easdem
595 2828 682 2857 uices
709 2831 918 2865 reparantur:
959 2837 1015 2857 nos
1041 2830 1148 2856 autem
1175 2830 1344 2864 postquam
1371 2826 1562 2862 decidimus,
1600 2834 1662 2855 non
1688 2825 1842 2862 redimus,
1881 2824 1936 2853 sed
1962 2824 2138 2853 transimus
2165 2824 2197 2852 in

362 2884 535 2920 puluerem.
562 2885 599 2925 rb
626 2884 762 2913 habent:
791 2884 921 2913 Sensus.
951 2884 1027 2913 licet
1054 2902 1094 2904 n—
1121 2887 1230 2912 tamen
1267 2882 1344 2921 [om.
1380 2892 1441 2911 nou
1475 2892 1538 2911 occ.
1573 2881 1644 2920 qui]
1680 2891 1736 2919 per
1768 2882 1854 2910 easd.
1889 2882 1930 2910 ui.
1966 2890 2030 2918 rep.
2057 2890 2086 2909 n.
2113 2890 2140 2909 a.
2167 2890 2197 2918 p.

362 2941 429 2969 dcc.
459 2940 535 2978 [om.
563 2950 626 2969 non
652 2941 717 2969 red.
746 2940 818 2979 sed]
847 2944 906 2969 tra.
934 2941 967 2970 in
994 2941 1159 2978 puluerem
1187 2939 1416 2978 (trans-ibinms
1442 2937 1487 2977 b).
1516 2939 1569 2967 1'11:
1604 2939 1734 2967 intulit:
1770 2939 1832 2971 Quo
1852 2938 1923 2976 pias
1947 2955 1989 2958 —«
2015 2938 2126 2974 Ancus,
2152 2937 2199 2966 ita

361 3000 397 3025 ut
422 2997 499 3025 hacc
524 3006 585 3025 nou
612 2998 772 3027 lemmatis
799 2998 855 3026 sed
881 2998 985 3026 inlata
1010 2998 1107 3026 uerba
1133 2998 1209 3026 sint.
1226 2996 1347 3034 Supple
1374 2996 1480 3032 potius·
1506 3005 1562 3025 eos.
1593 2996 1614 3024 i.
1633 3004 1658 3024 c.
1678 2994 1831 3031 Aeneam,
1858 2994 1987 3024 Tullum
2015 2993 2196 3026 ctAncum,

361 3052 469 3081 intulit.
524 3054 577 3091 18)
604 3054 708 3082 mortis
732 3064 758 3095 γ.
786 3054 973 3083 hominibus
999 3053 1213 3092 MAR·2(1¹(Q)
1239 3053 1308 3081 rell.
1337 3061 1397 3081 om.
1465 3053 1517 3089 19)
1546 3052 1658 3089 inquid
1684 3051 1727 3079 M.
1756 3051 1834 3079 sciat
1857 3051 1901 3079 fh.
1952 3049 2039 3079 Ordo
2064 3051 2198 3079 mutatis

363 3110 571 3139 lemmatibus
596 3110 744 3138 turbatus
771 3110 801 3138 in
828 3110 874 3139 fh.
926 3110 981 3148 21)
1007 3109 1058 3148 qui
1083 3110 1144 3139 scit
1161 3109 1204 3138 M.
1231 3119 1270 3137 au
1296 3108 1527 3136 transnaturus
1557 3107 1797 3143 Mlt.slc1-=⁴2‚Q.
1825 3106 1892 3134 rell.
1918 3105 1967 3134 sis.
1995 3110 2090 3135 recte.
2116 3105 2196 3136 conf.

362 3176 390 3194 u.
419 3166 470 3194 20.
498 3164 630 3194 dederis.
660 3166 687 3194 2.
715 3166 812 3202 possit
830 3166 962 3203 1<:.2,GQ.
978 3166 1047 3195 rell.
1077 3166 1187 3204 possis.
1238 3166 1294 3203 24)
1308 3163 1440 3203 semotus
1468 3163 1549 3192 rat'h.
1575 3163 1686 3192 fruel-is
1704 3163 1739 3192 R.
1759 3163 1827 3192 rell.
1856 3163 1988 3192 fructus.
2038 3162 2096 3200 25)
2123 3161 2196 3192 dum

363 3222 507 3259 MI'=·2,rv.
534 3222 603 3251 roll.
630 3231 708 3251 cam.
737 3226 760 3249 tc
787 3223 846 3258 >pL
875 3222 976 3251 MRA.
1004 3223 1071 3251 rell.
1100 3232 1159 3251 om.
1187 3226 1222 3251 tc.
1249 3221 1362 3250 fecerit
1388 3225 1419 3249 tc
1447 3220 1482 3254 Q.
