2283 3535
263 944 300 975 10

263 1313 303 1343 15

320 143 403 183 530
962 150 1068 182 ACR.
1094 150 1153 181 ET
1179 148 1344 181 PORPH.
1372 147 1520 181 coMM.

319 277 424 317 forte
455 274 756 316 subaudiamus
786 273 1045 315 extrinsecus
1076 271 1328 313 iactantibus
1365 278 1434 312 aut
1472 271 1574 326 quid
1610 271 1705 312 tale.
1745 271 1805 313 sic
1843 272 1955 312 enim
1993 272 2152 313 iactare

321 349 515 390 humeros
546 347 680 389 solent
712 346 783 401 qui
814 346 1044 402 gloriantes
1080 344 1294 386 incedunt.
1356 343 1482 397 Quod
1523 345 1558 385 si
1595 344 1653 384 ita
1692 351 1765 385 est.
1805 343 1988 385 inimicis
2026 358 2153 398 eques

321 421 583 477 iungendum
614 426 686 461 est.
718 426 763 460 ut
793 419 828 461 si
860 419 1018 460 diceret
1048 418 1240 472 equitans
1271 432 1398 472 super
1428 417 1621 458 inimicos
1652 431 1778 458 meos.
1811 423 1883 457 aut
1913 431 2013 457 num
2050 417 2154 471 quid

323 493 509 535 humeris
540 492 704 534 inimici
730 493 920 534 uectabor
951 490 1254 546 intellegemus.
1292 490 1404 544 quod
1435 504 1560 545 super
1581 489 1847 530 inimicorum
1869 503 2057 530 meorum
2080 490 2154 531 ku-

324 567 451 608 meris
482 581 553 608 ero
585 580 634 607 ac
665 565 699 606 si
731 565 832 621 (sic)
864 564 1054 605 uectabor
1084 570 1209 618 atque
1240 563 1450 618 equitabo.
1486 561 1658 605 Glossa:
1698 563 1897 604 uectabor.
1932 562 2154 604 insultabo.

323 641 518 682 Inimicus
550 654 674 695 eques.
707 653 801 679 cum
833 651 1089 692 superauero
1121 636 1364 692 superbiam
1396 636 1662 677 inimicorum
1695 650 1882 676 meorum
1919 647 2018 676 tunc
2053 649 2153 676 uec-

324 715 415 755 tabo
448 720 488 754 et.
519 712 729 767 equitabo.
762 711 975 765 (Porph.).

438 787 502 827 75.
537 787 726 840 Meaeque
758 793 867 826 terra
897 784 1016 825 cedet.
1056 790 1168 824 terra
1198 783 1241 823 in
1272 783 1351 823 hac
1382 782 1570 823 uindicta
1599 797 1684 823 non
1715 782 1855 837 capiet
1890 796 2029 822 meum
2065 781 2157 837 gla-

327 859 443 899 dium
475 857 732 913 (gaudium).
764 858 1004 899 insolentiae.
1047 856 1167 911 quasi
1206 870 1340 897 nouae
1381 855 1605 910 potentiae.
1643 854 1846 896 efficatiae
1885 854 1929 894 in
1976 853 2159 908 antiquis

326 931 574 973 insolentiae
606 930 818 986 intellego.
848 930 1031 986 positum
1063 936 1101 970 et
1135 930 1236 984 (est)
1258 930 1503 971 insolentiae.
1537 928 1656 983 quasi
1686 942 1821 969 nouae
1852 927 2063 982 potentiae
2094 926 2158 967 in-

326 1004 623 1060 tcllegendum.

440 1080 504 1119 76.
536 1092 708 1119 mouere.
769 1076 945 1118 Summa
976 1076 1076 1131 (sic)
1109 1090 1265 1116 sensus.
1307 1090 1360 1116 an
1392 1089 1499 1129 quae
1530 1074 1720 1115 difficilia
1749 1074 1888 1115 facere
1918 1077 2078 1128 possim
2112 1081 2159 1114 ut

326 1166 469 1193 cereas
507 1151 728 1207 imagines.
782 1164 970 1191 euocare.
1023 1150 1179 1190 lunam.
1222 1149 1428 1190 deuocare
1466 1147 1650 1189 umbras.
1692 1147 1855 1188 elicere.
1895 1153 1935 1187 et
1970 1161 2046 1201 per
2083 1146 2161 1187 heo

328 1226 498 1281 potione
529 1225 685 1267 amoris
716 1231 876 1266 mentes
907 1222 1132 1264 incendere
1162 1222 1269 1262 nihil
1301 1223 1432 1277 (man.
1466 1223 1486 1261 1
1521 1221 1559 1261 h.
1582 1221 1608 1261 1.
1641 1235 1838 1276 suprapo.
1871 1221 1925 1261 al.
1949 1220 2078 1270 choro,
2109 1219 2161 1260 de

329 1314 411 1353 qua
442 1313 530 1340 uar.
562 1298 655 1340 lect.
687 1299 741 1339 ad
769 1300 870 1355 polo'
893 1297 1046 1352 pertin.
1078 1296 1185 1337 conf.
1218 1295 1328 1336 infra
1357 1295 1509 1336 lemma
1540 1294 1584 1334 in
1615 1294 1706 1335 cod.
1744 1293 1903 1349 Porph.
1934 1293 2004 1349 M)
2048 1293 2093 1333 in
2121 1299 2162 1333 te

328 1382 473 1427 potero
505 1379 546 1413 et
576 1376 674 1413 artis
705 1386 825 1412 meae
857 1370 971 1412 circa
999 1379 1039 1410 te
1070 1368 1347 1425 inpotentiam
1378 1368 1492 1409 uelut
1522 1367 1763 1408 miseranda
1792 1366 1912 1408 flebo.
1947 1366 2142 1421 (Porph.)

444 1448 508 1486 77.
542 1447 738 1487 curiosus.
772 1445 888 1486 deest
919 1443 1052 1498 quasi.

444 1521 508 1559 77.
537 1520 643 1575 polo.
676 1518 890 1559 stellarum
923 1518 1063 1558 choro.

444 1594 509 1634 78.
542 1594 707 1634 uocibus
731 1593 884 1648 possim
914 1592 1020 1632 meis.
1081 1587 1177 1641 Que
1207 1595 1368 1629 tantum
1399 1588 1536 1643 possis
1567 1588 1824 1630 carminibus
1844 1595 1889 1630 ut
1909 1588 2052 1630 lunam
2074 1588 2163 1630 celo

334 1666 535 1721 diripiam
565 1666 722 1706 inferos
753 1679 958 1706 moueam.
990 1677 1154 1705 amores
1185 1662 1362 1703 initiam.
1395 1662 1619 1703 aduersum
1650 1668 1689 1703 te
1719 1661 1826 1703 nihil
1846 1676 1912 1704 me
1933 1676 2056 1718 posse
2086 1677 2163 1717 po-

331 1746 420 1780 tero
452 1738 688 1794 deplorare.

444 1814 510 1854 80.
543 1821 766 1868 temperare
793 1812 995 1868 poculum.
1029 1823 1227 1851 amorem.
1262 1809 1418 1850 amoris
1449 1823 1613 1850 uenena
1643 1808 1833 1851 miscere.

445 1887 511 1927 81.
538 1887 707 1942 plorem.
740 1885 976 1940 implorem.
1007 1885 1116 1925 artis.
1149 1882 1342 1938 magicae
1375 1882 1545 1923 scilicet.

627 1991 680 2044 Q.
712 1989 975 2033 HORATII
1004 1987 1236 2031 FLACCI
1266 1988 1525 2031 EPODON
1556 1988 1868 2032 EXPLICIT.

749 2062 979 2106 INCIPIT
1013 2061 1271 2106 CARMEN
1303 2061 1631 2105 SECVLARE
1671 2064 1745 2118 (1).

1124 2139 1207 2169 conf.
1237 2150 1265 2178 p.
1292 2141 1369 2170 433.

335 2335 484 2373 equitans
508 2342 599 2371 super
623 2333 760 2362 humeros
785 2337 848 2361 tuos
872 2332 945 2361 1115]ιὶ
967 2331 1109 2361 'inimicos
1135 2340 1186 2360 seu
1210 2331 1322 2359 vices-211:
1347 2331 1493 2360 insultabo
1517 2331 1548 2360 in.
1573 2336 1597 2360 ce
1621 2331 1695 2360 mihi
1717 2331 1877 2361 inimicum.
1910 2331 1981 2375 Be:
2018 2331 2168 2362 vectabor.

334 2392 498 2421 Portabor.
525 2391 594 2434 Βφι
631 2389 772 2419 humeris.
800 2391 820 2418 i.
848 2389 1047 2418 subicientur
1073 2389 1150 2417 mihi
1178 2393 1252 2417 tunc
1278 2397 1385 2417 omnes
1412 2388 1533 2417 inimici
1560 2389 1632 2416 mei.
1660 2389 1707 2416 An
1731 2397 1816 2426 quae.
1856 2387 1975 2417 Sensus
2002 2393 2061 2418 est.
2089 2398 2169 2427 quae

335 2448 520 2477 difficiliora
545 2446 648 2476 facere
675 2456 805 2484 possum
832 2447 851 2475 i.
879 2455 984 2475 cereas
1011 2446 1170 2482 imagines·
1197 2446 1351 2474 animare.
1380 2449 1409 2474 et
1436 2446 1546 2474 lunam
1579 2445 1664 2473 caelo
1698 2453 1829 2474 euocare
1863 2449 1893 2474 et
1924 2446 2052 2474 umbras
2087 2454 2168 2475 mor-

335 2509 461 2535 tuorum
488 2505 527 2533 ab
554 2504 665 2532 inseris
692 2503 835 2531 educere.
862 2506 986 2531 mentes
1013 2511 1137 2539 quoque
1163 2502 1329 2530 hominum
1355 2511 1460 2531 amore
1487 2502 1669 2531 incendere.
1698 2511 1772 2530 num
1799 2502 1876 2540 quid
1909 2502 1991 2531 circa
2024 2506 2055 2531 te
2087 2502 2168 2531 artis

336 2571 424 2590 meae
451 2561 675 2598 impotentiam
703 2559 804 2588 1101)οΥ
831 2558 870 2587 C:
910 2568 1021 2588 sensns
1048 2562 1106 2595 est,
1134 2568 1172 2587 1111
1199 2567 1280 2595 quae
1305 2561 1434 2586 tantum
1461 2558 1654 2587 carminibus
1681 2559 1811 2595 possim,
1849 2561 1884 2587 111,
1910 2557 2096 2588 difficiliora
2121 2558 2167 2587 fa—

336 2619 428 2654 ciam,
456 2617 579 2646 scilicet
606 2621 638 2645 ut
671 2625 777 2644 cereas
805 2616 962 2653 imagines
994 2624 1146 2651 moneam,
1189 2614 1312 2643 Lunam
1339 2614 1425 2644 caelo
1451 2614 1601 2643 11011000111
1627 2615 1755 2643 umbras
1782 2615 1962 2652 sepulchris
1989 2615 2111 2643 eliciam
2137 2618 2169 2643 et

337 2684 392 2712 per
417 2675 506 2711 haec,
533 2674 660 2711 potione
686 2673 822 2710 quadam
849 2673 975 2709 amoris,
1002 2673 1139 2700 menteis
1165 2672 1335 2700 incendam
1361 2671 1442 2699 1111111
1468 2681 1597 2709 unquam
1623 2672 1655 2699 in
1681 2675 1713 2700 te
1739 2674 1849 2709 potero
1875 2689 1916 2692 ->-
1943 2671 2032 2700 flebo.

450 2732 485 2769 8)
513 2735 599 2760 terra
688 2729 832 2768 glaudium
858 2728 893 2757 C.
920 2728 1104 2758 insolentiae.
1138 2727 1312 2763 efficaciae,
1351 2728 1441 2765 quasi
1475 2737 1576 2757 nouae
1608 2728 1774 2765 potentiae
1807 2726 1843 2756 C.
1871 2732 1964 2756 terra.
1992 2737 2017 2757 s.
2053 2728 2167 2757 omnis.

336 2788 423 2817 cedet.
451 2789 553 2817 locum
580 2788 682 2816 dabit.
710 2795 837 2815 monere.
865 2796 888 2815 s.
923 2795 1062 2823 possum.
1091 2786 1199 2815 uiuere
1227 2785 1276 2813 1101
1303 2785 1466 2813 ambulare
1499 2784 1613 2813 facere.
1647 2783 1800 2823 imaqines.
1835 2784 1854 2813 i.
1886 2784 1924 2812 de
1950 2793 2021 2813 cera
2053 2783 2167 2813 factas.

338 2855 366 2873 11.
396 2847 446 2873 77.
475 2845 543 2887 1331:
571 2848 601 2872 ut
624 2843 695 2881 ipse.
723 2848 756 2873 tu
783 2843 898 2872 horati.
926 2842 1072 2871 curiosus
1099 2851 1240 2872 meorum
1266 2846 1468 2885 secretorum.
1491 2841 1573 2879 polo.
1602 2850 1623 2869 s.
1653 2850 1726 2869 11.11.
1748 2841 1799 2869 88.
1818 2839 1959 2877 diripere.
1986 2840 2167 2869 detrahere.

333 2900 454 2939 possim.
482 2910 537 2937 pro
564 2909 697 2938 possum.
725 2910 748 2928 s.
776 2903 805 2929 01
826 2909 862 2928 .11.
892 2899 943 2928 79.
969 2898 1111 2927 eaecz'lare.
1140 2898 1314 2927 uiuificare.
1349 2907 1378 2926 11.
1407 2900 1458 2927 80.
1489 2897 1638 2935 poculum.
1667 2897 1829 2935 potionem
1855 2897 1985 2926 amoris.
2021 2895 2062 2925 C:
2100 2900 2169 2924 tem-

331 2966 448 2995 perare
467 2956 616 2994 poculum.
644 2957 811 2994 philtrum,
838 2956 955 2985 amoris
987 2964 1109 2984 1101101111
1140 2955 1282 2983 miscere.
1349 2955 1406 2992 2⁵2)
1433 2954 1503 2996 Βφε
1530 2954 1656 2992 plorem.
1693 2963 1717 2982 s.
1751 2953 1914 2991 numquid.
1948 2952 2035 2982 artis.
2066 2960 2166 2982 meae.

338 3013 447 3043 exitum
472 3014 492 3042 i.
519 3014 622 3041 finem.
650 3022 674 3040 s.
700 3022 773 3042 nou.
802 3012 846 3041 C:
866 3012 993 3050 plorem.
1021 3012 1189 3049 deplorare
1215 3012 1347 3040 debebo.
1374 3011 1459 3039 artis.
1487 3011 1644 3048 magicae.

419 3092 456 3127 Q.
484 3090 667 3121 IIORATII
694 3091 725 3120 F.
754 3091 936 3121 EPODON
962 3084 1056 3120 EX'F.
1085 3090 1245 3121 INCIPIT
1272 3090 1449 3120 CARMEN
1477 3089 1742 3119 SAECVLARE.
1768 3089 1814 3118 IN
1839 3087 2096 3119 APOLLINEM

748 3148 803 3176 ΕΤ
828 3148 1018 3178 DIANAM.
1045 3146 1327 3179 PROSEVTICE.
1355 3145 1640 3177 TETRACOLOS
1668 3145 1762 3189 (Βφ).
