2170 3460
275 183 326 223 14
903 189 1009 223 ACR.
1034 188 1095 222 ΕΤ
1119 187 1285 222 PORPH.
1311 186 1459 221 COMM.

384 319 450 360 45.
482 316 607 359 Serus
638 341 691 346 -—-
723 317 876 358 redeas.
938 312 1135 355 Suauiter
1165 318 1281 368 optat
1311 311 1520 368 Augusto,
1550 316 1596 352 ut
1625 310 1697 352 diu
1725 309 1855 352 uiuat.

384 392 450 430 47.
482 390 593 433 Neue
625 398 658 431 te
688 391 843 442 nostris,
902 387 1020 429 Bene
1050 388 1154 429 haee
1185 386 1393 436 dicuntur,
1426 385 1524 440 quia
1555 384 1609 425 ad
1638 383 1900 425 Mercurium
1930 383 2097 426 uidetur

270 462 399 517 loqui,
431 463 502 517 qui
533 462 703 504 uolucer
732 462 835 503 deus
865 468 939 511 cst,
972 461 1096 502 simul
1125 460 1339 516 eleganter
1370 464 1410 500 et
1439 457 1544 499 illud
1573 457 1743 513 oblique
1773 462 1902 512 optat,
1931 463 1978 499 ut
2003 464 2098 513 post

271 550 487 578 excessum
519 535 737 591 Augustus
768 535 889 576 diuus
920 535 1053 576 factus
1084 533 1310 588 recipiatur
1341 532 1385 572 in
1415 531 1590 573 caelum.

205 618 223 648 5
383 610 543 653 Nostris
573 610 684 651 uitiis
718 607 908 665 [Vtrum]
941 607 995 648 ad
1026 607 1136 648 bella
1167 606 1310 648 ciuilia
1340 605 1526 647 referens
1556 604 1614 645 ait
1647 603 1747 660 [,an
1767 603 1906 655 latius,
1936 618 1988 645 ex
2016 604 2097 646 hoc

271 682 560 739 intellegitur}

383 758 450 799 48.
485 757 608 799 Ocior
639 770 745 797 αιινα
777 755 902 796 tollat.
962 753 1066 795 Pro:
1099 752 1215 794 ocius
1246 752 1376 803 tollat,
1410 755 1550 807 σχῆμα
1583 750 1813 806 ὑπαλλαγή.

934 901 1252 957 CARMEN
1293 903 1339 969 Ι,
1380 903 1424 956 3.

1090 1013 1276 1056 ACRON.

385 1107 421 1148 1.
454 1106 522 1149 Sic
552 1115 586 1149 te
613 1107 721 1148 diua.
781 1105 1046 1161 Principium
1069 1102 1391 1159 deprecationis,
1423 1117 1505 1157 qua
1526 1102 1647 1145 nauis
1667 1101 1866 1144 beneficis
1887 1101 2096 1144 sideribus

271 1180 605 1229 commendatum
656 1179 836 1221 salutare
885 1179 997 1221 enim
1027 1177 1208 1220 Veneris
1257 1176 1373 1218 sidus
1422 1183 1496 1218 est.
1556 1176 1623 1219 Sic
1673 1182 1811 1217 autem
1847 1175 2096 1218 aduerbium

206 983 246 1014 10

270 1253 501 1295 adiurantis
532 1260 605 1294 est.

203 1333 244 1365 15
382 1328 420 1368 2.
450 1328 602 1380 fratres
634 1327 820 1368 Helenae.
882 1323 1031 1367 Castor
1061 1332 1101 1366 et
1130 1323 1295 1366 Pollux.
1354 1324 1514 1366 Lucida
1544 1323 1700 1381 sidera]
1733 1321 2009 1378 Ἐπεξήγησις.

384 1402 421 1442 3.
462 1401 672 1442 Ventorum
705 1408 837 1456 pater.
897 1398 987 1440 Aut
1015 1396 1189 1448 Aeolus,
1222 1404 1293 1439 aut
1334 1398 1450 1439 iuxta
1482 1397 1705 1453 Physicos‚
1752 1397 1824 1452 qui
1860 1404 2007 1438 uentos
2047 1411 2096 1438 ex

272 1480 385 1516 motu
407 1472 570 1515 Oceani
601 1473 717 1514 nasci
748 1472 905 1523 uolunt,
936 1471 1158 1528 Neptunus
1189 1471 1354 1522 dicitur,
1386 1477 1431 1512 ut
1451 1470 1584 1527 Verg.
1617 1469 1691 1526 (A.
1713 1470 1768 1522 V,
1793 1470 1886 1527 14):
1923 1471 2095 1522 Quidue,

263 1556 383 1604 pater
414 1548 604 1604 Neptune,
628 1549 786 1604 paras?

381 1622 420 1661 4.
454 1622 621 1663 Praeter
644 1620 809 1677 Iapyqa.
872 1619 1045 1677 [Iapyx]
1077 1624 1225 1661 uentus
1255 1618 1369 1661 utilis
1402 1618 1502 1676 [est]
1536 1618 1588 1660 de
1608 1616 1769 1675 Apulia
1793 1617 1935 1675 [flans]
1958 1615 2094 1660 Athe-

202 1700 244 1732 20
269 1708 345 1736 nas
374 1694 612 1750 petentibus
643 1708 794 1750 graece
827 1693 1030 1749 ἀργηστὴς
1059 1692 1298 1748 (ἀργεστὴς)
1329 1692 1494 1734 dieitur.

383 1769 420 1809 5.
458 1768 672 1810 Creditum.
745 1764 990 1824 [Commen]
1033 1766 1189 1817 datum,
1234 1773 1279 1808 ut
1325 1767 1449 1821 stry..
1488 1763 1564 1822 (G.
1596 1765 1630 1817 I,
1672 1766 1795 1822 224):
1842 1766 1955 1808 Auni
1988 1780 2095 1823 spem

272 1841 432 1883 eredere
463 1849 606 1883 terrae.

383 1914 420 1955 6.
451 1916 604 1956 Atticis.
663 1913 1007 1955 Atheniensibus.

382 1989 419 2029 8.
452 1989 503 2029 Et
533 2003 668 2029 seruos
705 1989 862 2029 animae
894 1987 1104 2028 dimidium
1138 2001 1260 2028 meae.
1320 1985 1521 2028 Amicum
1551 1992 1715 2042 partem
1745 1985 1911 2027 animae
1940 1986 2093 2042 posuit,

203 2068 243 2099 25
269 2060 363 2103 ideo
408 2061 628 2103 dimidium
673 2060 790 2102 dixit.
849 2060 1041 2102 Athenas
1079 2059 1301 2115 nauiganti
1335 2058 1531 2115 Vergilio
1570 2059 1733 2115 nauigii
1771 2059 2094 2115 prosperitatem

271 2143 466 2191 precatur
510 2143 549 2176 et
586 2141 804 2176 execratur
840 2134 966 2175 etiam
1003 2133 1151 2175 timore
1188 2133 1367 2188 periculi
1407 2147 1515 2184 eum,
1562 2133 1633 2188 qui
1670 2132 1831 2188 primus
1863 2133 2093 2190 cupiditate

269 2209 374 2251 lucri
406 2209 459 2250 ad
490 2208 764 2250 temeritatem
796 2206 1028 2263 nauigandi
1059 2206 1287 2248 descendit.

385 2341 417 2380 1)
444 2346 477 2372 ut
504 2341 625 2372 ‹lim'nat
650 2352 674 2378 r,
701 2342 755 2370 diu
779 2342 869 2370 uiuat
888 2344 919 2370 et
943 2349 1012 2369 sero
1037 2339 1123 2369 diuus
1135 2339 1198 2379 fiat
1222 2338 1258 2369 C.
1284 2339 1368 2370 conf.
1385 2339 1458 2369 Aer.
1508 2339 1543 2379 3)
1572 2344 1620 2369 est
1638 2339 1826 2370 ou1.rvafh.
1877 2339 1912 2379 3)
1939 2340 2031 2370 obtat
2047 2339 2092 2369 M.

270 2399 305 2438 5)
333 2398 369 2428 Id
391 2403 432 2428 est
456 2403 559 2428 utrum
588 2397 700 2435 2C,rv.
726 2398 762 2427 Id
785 2401 891 2427 utrum
916 2396 980 2427 afh.
1006 2396 1043 2425 Id
1068 2400 1117 2426 est
1142 2406 1202 2426 om.
1229 2396 1299 2426 MR.
1349 2397 1384 2435 6)
1411 2400 1439 2426 et
1461 2397 1520 2426 hoe
1536 2396 1665 2427 MAR2.
1691 2406 1727 2426 εσυ
1751 2397 1811 2427 hoc
1834 2396 1944 2427 rvafh.
1970 2397 2094 2427 intelli-

268 2459 360 2493 getur
384 2455 460 2484 MA.
487 2456 556 2484 rell.
584 2454 779 2494 intellzyitur.

381 2511 432 2540 Ad
463 2511 567 2541 nanim
594 2512 626 2541 in
653 2522 715 2549 qua
740 2512 844 2549 nirgil.
871 2512 1007 2541 athenas
1032 2512 1132 2549 petit3
1160 2512 1193 2540 in
1210 2511 1339 2541 Horatii
1365 2511 1475 2542 codice
1499 2512 1539 2541 ad
1555 2520 1667 2542 nauem
1684 2511 1724 2542 A.
1741 2512 1866 2542 Nauem
1890 2512 2095 2551 prosequitur

269 2578 329 2607 qna
354 2568 433 2606 uirg.
459 2569 593 2597 athenas
619 2568 792 2597 uehebatur
816 2568 1060 2606 prosphonetico
1084 2568 1205 2597 dicolos
1230 2568 1269 2597 ad
1294 2577 1410 2598 nauem
1439 2570 1465 2597 l.
1513 2568 1624 2599 Tertia
1649 2569 1708 2598 ode
1733 2569 1772 2598 ad
1798 2568 1903 2598 nanim
1925 2569 2094 2607 uirgilium

269 2626 480 2655 deuehentem
506 2625 541 2654 lx'.
590 2625 676 2654 Idem
703 2626 740 2653 ad
766 2635 795 2654 u.
828 2626 860 2654 l:
888 2625 939 2654 Sic
963 2634 995 2654 se
1019 2624 1099 2654 clia«.
1147 2624 1263 2654 Nauim
1287 2626 1491 2664 prosequitur
1516 2635 1577 2664 qua
1600 2625 1684 2664 uirg.
1710 2626 1778 2655 ath.
1807 2626 1996 2656 uehebatur.

386 2682 439 2720 12)
467 2686 501 2711 ut
534 2681 622 2711 nauis
654 2681 812 2711 beneficiis·
844 2682 895 2711 Av
927 2682 1012 2720 (Vel.
1047 2682 1146 2720 Long.
1180 2692 1210 2720 p.
1244 2682 1360 2721 2219).
1395 2686 1450 2712 aut
1482 2682 1574 2712 nauis
1602 2700 1645 2703 —
1676 2682 1908 2713 commendetur
1936 2682 2092 2720 ANRGl,

269 2748 359 2767 rmva
394 2740 649 2768 commendentur
674 2738 806 2776 Franeq.
833 2748 882 2776 ap.
913 2738 1042 2776 Suring.
1073 2749 1102 2776 p.
1139 2740 1210 2768 12-1.
1248 2738 1337 2774 Quae
1367 2740 1604 2769 commendatio
1637 2749 1708 2769 cum
1739 2749 1803 2769 non
1836 2740 1879 2769 sit
1909 2740 2093 2769 consecutio

271 2804 395 2831 pri-cum
420 2796 474 2823 sed
501 2796 531 2824 irl
557 2796 660 2833 ipsum
686 2796 769 2833 quod
788 2795 971 2832 deprecatio
997 2796 1162 2833 exprimit,
1188 2796 1290 2825 satius
1317 2800 1400 2825 esset
1425 2797 1548 2834 legere:
1575 2797 1625 2826 Pr.
1644 2797 1714 2835 dep.
1733 2806 1792 2835 qua
1816 2797 1909 2826 nauis
1934 2797 2007 2826 ben.
2032 2796 2092 2826 sid.

269 2851 513 2880 commendatur.
541 2862 635 2889 quare
663 2853 763 2890 ipsam
794 2853 865 2881 ben.
890 2852 949 2881 sid.
976 2853 1178 2881 commendat
1204 2851 1241 2882 C.
1269 2856 1304 2881 ut
1328 2861 1434 2882 nauem
1458 2854 1532 2883 beu.
1559 2853 1618 2882 sid.
1644 2852 1802 2883 comitetur
1826 2853 1877 2882 fh.
1931 2853 2018 2882 Dum
2042 2861 2093 2883 ac-

269 2907 372 2936 tiuum
399 2909 525 2945 passim»
550 2909 580 2936 11.
604 2910 628 2938 1.
654 2912 814 2946 praestare
831 2909 990 2945 uideatury
1018 2909 1102 2939 edidi
1121 2910 1249 2947 quidem
1265 2918 1321 2948 ope
1338 2911 1509 2940 librorum:
1535 2915 1569 2940 ut
1587 2919 1701 2940 nauem
1718 2912 1790 2940 ben.
1809 2910 1869 2939 sid.
1887 2909 2093 2948 commendet,

270 2964 324 2992 sed
351 2964 456 2992 uerbis
476 2963 630 3001 principio
654 2965 738 3002 depr.
765 2965 851 2994 locus
870 2967 973 3003 magis
991 2975 1085 3003 qnam
1113 2967 1252 2995 intentio
1269 2976 1339 2996 cum
1358 2967 1526 2996 iudicetur.
1553 2968 1683 3004 scripsi:
1709 2976 1767 3006 qua
1785 2984 1827 2989 ——
1844 2965 2092 2996 commendatur.

273 3020 329 3057 13)
358 3019 407 3048 Sic
431 3037 472 3040 ——
498 3023 539 3048 est
567 3030 626 3049 om.
653 3020 692 3049 A.
719 3026 825 3051 autem
850 3032 910 3051 om.
936 3022 1062 3059 NG1,r.
1089 3026 1135 3051 est
1164 3033 1224 3052 om.
1250 3033 1274 3052 r.
1326 3023 1381 3061 15)
1409 3020 1490 3058 ἐπεξ.
1517 3033 1578 3055 om.
1604 3024 1644 3061 A,
1678 3024 1747 3053 rell.
1773 3032 1906 3062 epexeg.
1933 3024 2091 3062 ephexeg.

271 3075 377 3112 offex„
410 3085 449 3105 ex
482 3075 596 3113 Porph.
650 3077 703 3114 1⁸)
737 3079 819 3107 eolus
850 3078 960 3116 AN1r,
994 3079 1106 3108 Aeolus
1139 3079 1227 3109 RZvc
1259 3079 1393 3118 Franeq.
1426 3079 1558 3109 Aeolum.
1583 3097 1622 3101 ——-
1655 3081 1840 3119 Neptunum
1871 3079 1948 3110 dicit
1969 3080 2091 3109 meafh.

275 3133 328 3170 19)
357 3132 458 3170 Iapyx
484 3142 544 3161 om.
572 3132 664 3163 ΔΚΓ.
692 3137 735 3161 cst
757 3133 792 3162 C.
847 3135 899 3172 19)
927 3135 1006 3164 flans
1024 3136 1113 3165 codd.
1133 3139 1163 3164 et
1182 3135 1263 3172 edd,
1282 3135 1416 3174 argis-tes·
1433 3136 1538 3165 ANRI
1556 3136 1691 3175 Franeq.
1709 3146 1772 3174 mv,
1798 3140 1937 3175 argestes
1955 3135 2090 3166 Crcafh.

272 3188 328 3227 21)
356 3189 466 3217 datum
485 3188 545 3218 Ab.
573 3189 640 3217 rell.
661 3191 1035 3230 commendatum.fidere
1052 3198 1155 3223 terrae
1180 3203 1204 3222 r.
1253 3193 1310 3232 25)
1327 3193 1358 3222 id
1373 3198 1423 3230 est,
1441 3194 1553 3223 dimid.
1568 3194 1608 3223 N.
1657 3194 1715 3233 26)
1731 3203 1795 3223 eum
1808 3204 1868 3223 om.
1882 3193 1943 3231 Ab,
1964 3193 2048 3224 illum
2062 3195 2090 3222 2.
