2283 3535
797 149 843 180 IN
875 149 1019 181 CARM.
1050 149 1109 187 xv,
1140 153 1168 180 4.
1197 152 1225 179 5.
1841 137 1922 177 399

100 272 253 313 dicitur
281 271 513 321 Hannibal,
560 286 653 313 cum
691 278 815 326 caput
845 271 985 312 fratris
1023 271 1085 312 sui
1115 269 1399 311 Hasdrubalis
1437 269 1623 319 uidisset,
1669 269 1781 323 quod
1810 269 1924 310 Nero

101 345 151 385 de
183 343 387 385 industria
420 345 604 385 adlatum
627 359 677 385 ex
700 342 842 385 Gallia
865 351 959 384 ante
991 350 1127 384 eastra
1148 343 1236 384 eius
1266 342 1372 383 nihil
1393 343 1529 383 adhuc
1561 343 1729 385 scientis
1765 343 1816 383 de
1846 343 1925 384 hae

100 417 228 457 caede
259 417 393 471 proici
423 417 612 458 iusserat.

213 490 277 530 73.
309 490 367 530 nil
398 491 451 530 CJ.
484 505 522 530 n.
546 489 751 545 perficient
781 505 830 530 m.
889 488 1010 530 Haec
1041 489 1124 529 iam
1146 495 1294 544 poetae
1314 487 1445 528 uerba
1466 495 1572 537 sunt,
1604 501 1687 529 non
1708 487 1819 528 enim
1849 489 1925 529 ad-

99 561 180 602 huc
210 560 479 602 Hannibalis.

213 635 277 674 76.
311 642 346 675 et
377 649 406 675 c.
437 649 466 674 s.
498 650 588 690 exp.
612 650 655 690 p.
687 650 723 675 a.
756 635 788 675 b.
850 636 980 677 Acula
1013 635 1107 676 belli
1134 634 1322 675 absolute
1360 633 1556 674 dicuntur
1586 646 1648 683 ea,
1687 647 1793 687 quae
1831 639 1925 674 sunt

100 707 144 747 in
174 706 282 747 bello
314 706 681 761 periculosissima.

738 821 1053 875 CARMEN
1093 821 1196 906 rv,
1240 823 1285 873 5.

917 919 1105 963 ACRON.

214 1000 333 1040 Dz'uz‘s
364 1006 459 1040 orte.
519 998 588 1039 De
619 997 813 1054 Augusto
851 997 1062 1047 scribitur,
1101 998 1173 1052 qui
1210 998 1254 1038 in
1290 996 1582 1038 transmarinis
1621 995 1812 1051 partibus
1854 996 1926 1037 diu

100 1071 289 1112 residens
320 1078 486 1112 senatus
517 1086 566 1113 ae
596 1072 741 1126 populi
772 1071 969 1126 precibus
999 1071 1210 1126 legatione
1240 1070 1368 1111 missa
1398 1070 1577 1110 reditum
1610 1085 1729 1111 suum
1750 1069 1926 1123 promit-

100 1151 190 1185 tens
221 1144 519 1185 inmorabatur.
580 1146 696 1186 Dinis
726 1153 821 1193 orte,
853 1150 897 1185 ut
920 1143 993 1198 (A.
1016 1143 1099 1193 IX,
1124 1144 1244 1198 642):
1285 1144 1356 1184 Dis
1386 1144 1514 1197 yenz'te
1545 1150 1579 1183 et
1607 1144 1790 1197 yenz'lure
1811 1143 1926 1184 Deos.

216 1218 251 1257 1.
284 1217 477 1258 Romulae
510 1225 606 1258 cust.
638 1219 774 1271 yemis.
835 1216 920 1257 Pro
950 1216 1193 1265 Romuleae,
1225 1216 1268 1256 id
1301 1223 1374 1265 est,
1405 1215 1623 1256 Romanae
1654 1215 1805 1270 gentis.

215 1291 251 1330 5.
283 1289 409 1331 lucem
440 1305 474 1330 r.
508 1298 531 1330 t.
590 1288 693 1330 Plus
715 1289 821 1329 dixit
842 1303 967 1343 quam
989 1289 1177 1339 salutem,
1210 1289 1416 1347 siquidem
1450 1289 1524 1329 luoe
1555 1303 1633 1343 pro
1664 1288 1795 1329 salute
1825 1288 1927 1342 poni
1977 1300 1990 1327 ἴ

101 1362 328 1411 consueuit,
359 1368 404 1402 ut
434 1361 508 1416 (A.
530 1361 587 1411 II,
610 1363 731 1415 281):
769 1362 804 1403 0
835 1362 908 1403 lux
930 1362 1181 1409 Dardaniae,
1215 1361 1321 1417 [spes
1351 1377 1373 1402 0
1403 1362 1659 1402 sanctissima
1694 1361 1926 1416 Teucrum]

217 1434 327 1490 [duce
357 1435 453 1476 bone
476 1436 647 1490 patriae.
708 1433 825 1474 Bone
855 1432 1062 1488 Auguste,
1100 1449 1185 1475 non
1215 1435 1338 1475 bonae
1362 1435 1521 1490 patriae
1551 1434 1777 1489 legendum
1809 1434 1901 1490 est.]

218 1508 255 1548 6.
286 1509 417 1548 instar
446 1522 485 1547 u.
520 1523 549 1548 e.
608 1505 694 1547 Pro
726 1506 1000 1547 similitudine
1031 1507 1155 1557 ueris,
1201 1514 1244 1547 ut
1267 1506 1340 1562 (A.
1382 1507 1439 1557 Π,
1478 1508 1572 1561 15);
1619 1508 1757 1549 Instar
1787 1509 1929 1549 montis

102 1594 256 1635 equum.
318 1578 431 1632 Quia
463 1580 537 1621 lux
570 1579 731 1620 dixerat
764 1580 979 1634 superiore
1010 1595 1148 1629 uersu,
1184 1580 1278 1620 ideo
1310 1580 1666 1635 comparationem
1683 1581 1803 1621 uerni
1824 1587 1928 1621 tem-

101 1653 217 1708 poris
246 1653 397 1707 posuit.

215 1727 252 1766 ὃ.
285 1734 328 1766 ut
358 1741 406 1766 m..
438 1727 460 1767 i.
519 1725 584 1766 Ita
614 1725 794 1780 patriam
830 1726 1070 1766 desiderare
1091 1725 1276 1780 Augusti
1298 1725 1592 1779 praesentiam,
1625 1725 1732 1766 sieut
1752 1740 1777 1766 a
1797 1732 1930 1767 matre

101 1797 260 1839 reditus
290 1798 474 1839 absentis
503 1798 579 1838 filii
615 1798 842 1840 consueuit.
904 1797 1024 1839 Ordo
1046 1805 1129 1839 est:
1162 1798 1221 1839 Ut
1252 1806 1386 1839 mater
1414 1805 1537 1839 uocat
1567 1798 1789 1848 ominibus,
1821 1798 1930 1839 uotis

102 1877 143 1911 et
171 1870 368 1925 precibus
399 1877 664 1912 cunctantem
694 1878 809 1912 trans
840 1885 1023 1925 aequora
1046 1869 1268 1925 Carpathii
1299 1870 1441 1920 maris,
1474 1885 1598 1925 quem
1618 1869 1753 1911 Notus
1784 1871 1928 1912 inuido

100 1943 201 1984 flatu
231 1943 401 1984 distinet
431 1959 455 1984 a
485 1944 597 1985 dulci
630 1944 753 1985 domo
784 1944 952 1999 longius
982 1944 1083 1984 anni
1114 1944 1262 1998 spatio.

215 2017 252 2056 9.
284 2017 433 2057 inue'do.
492 2015 702 2066 Aduerso,
734 2017 917 2057 inimico.

217 2088 281 2128 10.
318 2088 435 2144 Carp.
469 2097 517 2130 tr.
549 2104 598 2130 m.
630 2105 687 2130 ae.
761 2088 811 2129 Id
853 2095 927 2139 est,
973 2086 1191 2143 Aegyptii,
1236 2096 1280 2130 ut
1312 2087 1386 2144 (A.
1419 2088 1473 2138 V,
1507 2089 1628 2144 595):
1667 2089 1930 2144 Carpathium

107 2161 369 2218 Libycumque
403 2170 519 2202 secat.

217 2242 476 2275 cunctantem.
533 2234 786 2285 Mol-antem,
808 2241 851 2275 ut
873 2234 947 2289 (A.
969 2233 1070 2284 VII,
1094 2235 1216 2289 133):
1238 2235 1441 2290 ,Reqinam
1464 2235 1640 2276 thalamo
1663 2242 1928 2277 cunctantem.

221 2309 285 2347 12.
318 2308 474 2348 distinet
502 2323 525 2348 a
555 2308 681 2349 domo.
747 2307 789 2347 A
820 2308 943 2348 domo
975 2314 1154 2361 separat.

220 2447 253 2487 1)
278 2450 342 2478 adl.
367 2448 440 2479 MG.
491 2451 525 2489 3)
551 2450 639 2480 Haec
664 2452 773 2480 omnia
799 2452 829 2479 2.
855 2468 897 2472 ———
925 2451 1008 2479 enim
1033 2450 1128 2487 M2‚1·.
1154 2450 1223 2479 rell.
1249 2460 1309 2479 om.

216 2505 374 2536 ACRON.
422 2507 472 2535 Ad
497 2511 670 2545 augustum
696 2508 734 2537 de
760 2508 970 2545 expeditione
995 2508 1064 2536 eius
1090 2507 1183 2536 tarda
1208 2511 1275 2537 erat
1303 2507 1420 2546 (oratio
1446 2508 1522 2547 ED)
1554 2508 1667 2547 peanis
1701 2507 1824 2545 species
1855 2516 1932 2544 pro-

105 2563 226 2591 seutice
252 2563 421 2592 tetracolos
445 2563 482 2592 A.
530 2564 583 2593 Ad
607 2574 680 2601 aug.
707 2565 745 2593 de
771 2573 845 2602 exp.
874 2566 942 2594 eius
968 2574 1052 2602 pros.
1078 2568 1190 2594 tetrae.
1215 2574 1242 2606 γ,
1270 2565 1359 2593 euius
1384 2564 1522 2601 plurima
1548 2565 1670 2593 scholia
1702 2568 1734 2592 et
1767 2564 1808 2592 ad
1839 2563 1871 2591 h.
1903 2573 1930 2592 o.

104 2627 207 2656 neque
230 2618 364 2648 Acronis
389 2629 494 2657 neque
517 2619 632 2657 Porph.
659 2624 745 2649 sunt.
793 2620 845 2649 Ad
877 2630 1035 2650 caesarem
1067 2630 1138 2659 aug.
1171 2621 1339 2649 absentem
1369 2621 1399 2649 b.
1455 2619 1508 2648 Ad
1541 2629 1683 2649 cesarem
1714 2620 1858 2657 loquitur
1891 2619 1932 2647 ad

107 2683 214 2703 senem
239 2674 436 2714 (absentem)
461 2676 555 2705 Bern.
581 2676 618 2704 B.
669 2676 738 2706 Ode
763 2676 952 2706 LXXXXII.
980 2677 1017 2706 R.

222 2732 278 2771 11)
302 2731 352 2760 De
377 2742 436 2762 om.
462 2732 509 2761 fh.
537 2733 648 2762 scribit
677 2734 707 2762 2.
727 2750 767 2753 --
786 2733 820 2762 in
845 2743 905 2762 om.
932 2734 963 2762 h.
989 2737 1120 2763 transm.
1140 2731 1309 2771 prouinciis
1333 2731 1374 2760 A.
1406 2731 1488 2760 conf.
1515 2731 1631 2769 Porph.
1657 2735 1790 2761 transm.
1815 2731 1877 2760 oris
1902 2732 1931 2760 2.

105 2787 173 2815 rell.
195 2787 343 2824 partibus.
394 2789 449 2827 13)
474 2788 584 2817 inmor.
612 2788 648 2817 A.
675 2790 723 2830 yb.
750 2789 870 2818 habent.
896 2790 996 2818 schol.
1021 2790 1137 2826 Porph.
1190 2789 1245 2826 14)
1272 2789 1316 2825 gl.
1335 2796 1397 2825 pro
1421 2788 1506 2816 Rom.
1533 2797 1594 2816 om.
1624 2787 1682 2816 lG.
1709 2788 1742 2816 id
1768 2791 1827 2823 est,
1852 2797 1930 2817 rom.

107 2843 213 2880 gentis
237 2842 418 2879 AR‚C1·mv.
444 2844 513 2872 rell.
541 2854 600 2873 om.
667 2844 723 2882 16)
749 2844 834 2874 conf.
859 2845 932 2874 Aer.
959 2846 999 2874 ad
1025 2844 1055 2874 S.
1080 2845 1105 2881 Ι,
1135 2846 1162 2881 7,
1191 2845 1231 2872 24
1258 2848 1290 2872 et
1313 2844 1452 2872 Maerob.
1486 2842 1516 2872 S.
1548 2843 1604 2880 VI,
1637 2843 1667 2879 2,
1702 2844 1752 2872 18.
1786 2852 1856 2881 spes
1889 2860 1931 2863 ——

106 2898 263 2926 Teucrum
292 2898 484 2934 1G‚Cmvea.
510 2900 578 2928 rell.
605 2899 843 2937 om.fidissima
871 2900 1014 2930 Seruius.
1081 2901 1136 2939 17)
1163 2901 1221 2929 hoe
1247 2901 1344 2929 schol.
1370 2900 1443 2928 hab.
1481 2898 1526 2928 fh.
1553 2899 1622 2927 rell.
1660 2907 1719 2928 om.
1788 2899 1842 2937 18)
1871 2900 1931 2929 loc.

106 2953 202 2991 Vei-g.
228 2963 287 2983 om.
312 2953 522 2991 RlG,1·1m-ea.
573 2955 628 2993 19)
658 2956 819 2993 superiore
844 2966 937 2985 uersu
962 2957 999 2985 A.
1025 2965 1118 2984 uersu
1148 2965 1216 2993 sup.
1237 2955 1273 2985 C.
1300 2956 1368 2985 rell.
1397 2954 1549 2992 superias.
1577 2955 1664 2984 etiam
1688 2965 1737 2985 ue.
1764 2960 1806 2985 te.
1831 2966 1930 2993 comp.

108 3010 254 3046 apposuit
282 3008 317 3038 C.
343 3011 450 3047 posuit
475 3011 511 3039 R.
576 3012 632 3050 21)
659 3014 690 3039 ut
713 3012 819 3048 patria
844 3021 917 3049 aug.
945 3011 1122 3041 desiderari
1145 3012 1185 3040 A.
1251 3012 1307 3050 22)
1333 3021 1398 3041 cnm
1423 3020 1505 3040 omn.
1531 3011 1588 3039 Rl.
1614 3011 1775 3041 ominibus
1804 3013 1835 3041 h.
1861 3013 1930 3041 rell.

108 3065 259 3095 omnibus.
286 3065 371 3095 Ordo
399 3083 438 3086 «-
463 3067 567 3104 spatio
592 3076 650 3095 om.
678 3067 766 3103 A2‚1·.
829 3068 886 3106 24)
913 3068 1045 3097 distinet
1068 3068 1105 3096 R.
1134 3068 1214 3096 dest.
1244 3067 1301 3103 1G.
1328 3068 1397 3097 rell.
1424 3068 1489 3096 det.
1551 3067 1608 3105 29)
1636 3067 1707 3097 dist.
1732 3067 1839 3105 ARC.
1865 3068 1930 3096 ‹les-

108 3121 199 3150 tinat.
224 3131 249 3150 r.
275 3121 409 3150 destinet
431 3132 479 3164 γν.
505 3123 574 3152 rell.
601 3123 659 3153 det.
687 3122 716 3151 A
742 3124 834 3152 domo
859 3123 917 3152 AR
942 3125 1009 3153 rell.
1036 3133 1097 3152 om.

1951 933 1992 964 10
