2170 3460
186 996 226 1027 10

186 1362 224 1393 15

256 195 306 235 16
885 204 992 237 ACR.
1018 203 1078 235 ET
1103 202 1271 236 PORPH.
1297 201 1446 236 COMM.

366 330 431 370 21.
463 329 715 385 Nequiquam
752 329 848 370 deus
887 328 1067 369 abscidit.
1135 325 1204 368 Ac
1244 326 1279 368 si
1322 325 1499 367 diceret:
1545 323 1751 380 numquid
1791 324 1881 367 sine
1916 324 2080 368 ratione

253 410 491 457 separatum
523 409 584 443 est
614 417 729 444 mare
759 418 784 443 a
813 401 949 452 terris,
981 416 1075 442 cum
1105 399 1209 441 illud
1240 399 1491 440 elementum
1521 397 1734 453 periculis,
1775 397 1855 440 hoc
1883 398 2078 455 uolupta-

252 474 361 517 tibus
393 475 563 530 plenum
595 475 672 516 sit?
733 475 913 517 Abscidit
941 480 1079 515 autem
1110 471 1334 528 separauit.

364 550 430 590 22.
462 549 661 591 Prudens.
720 547 968 589 Prouidens.

365 623 431 663 24.
464 622 553 663 Non
584 622 785 676 tanqcncla
806 629 912 662 rates
934 620 1193 662 transsiliunt
1212 619 1334 661 uada.
1394 616 1640 659 Periculosa
1659 616 1864 674 nauigiis3
1899 631 1985 660 non
2004 617 2078 660 de-

253 695 351 737 bere
380 695 490 736 uada
519 695 721 744 accusari,
754 695 853 735 dum
884 693 1004 734 nauis
1034 693 1126 747 ipsa
1157 706 1235 734 nec
1265 691 1356 733 fieri
1387 705 1465 732 nec
1500 689 1593 732 usui
1615 704 1704 731 esse
1742 689 1947 741 debuerit,
1981 690 2079 747 [hoc

252 776 326 819 est,
367 784 450 810 non
481 768 632 824 tangi]
692 766 801 807 Nam
842 775 881 808 et
916 768 1025 821 Very.
1059 765 1133 821 (A.
1155 765 1189 816 Ι,
1224 766 1346 822 112):
1388 765 1605 821 Inliclitque
1640 764 1773 805 uadis.
1833 762 1936 805 Ideo
1966 764 2079 805 enim

252 843 362 884 uada
393 841 504 884 dicta
534 848 640 891 sunt,
674 840 772 895 quia
803 839 1008 881 breuitate
1039 839 1101 880 sui
1133 838 1294 888 uadari,
1327 839 1406 880 hoc
1436 845 1510 888 est,
1542 837 1751 879 ambulari
1781 843 1968 892 possunt.

365 916 430 956 25.
463 916 615 956 Audax
645 915 780 955 omnia
804 915 973 970 perpeti.
1033 911 1189 953 Merito
1219 911 1361 953 omnia
1391 911 1556 967 patiens
1586 911 1693 953 lucri
1723 910 1966 966 cupiditate.

365 990 430 1029 27.
464 989 593 1044 Iapeti
617 1002 755 1043 qenus.
815 985 1174 1040 Patronymicum.
1224 984 1525 1026 Prometheum
1548 984 1651 1026 dicit
1669 984 1803 1026 filium
1823 983 1974 1039 Iapeti,
2006 983 2079 1039 qui

251 1062 349 1103 dum
381 1062 523 1118 ignem
554 1062 717 1117 superis
748 1061 907 1102 furatus
939 1066 1059 1110 esset,
1098 1059 1317 1100 numinum
1348 1058 1640 1115 indignatione
1670 1057 1809 1101 febres
1837 1056 2078 1100 hominibus

250 1136 371 1177 datae
403 1135 598 1177 dicuntur
631 1134 778 1192 [ueluti
810 1134 1005 1184 calorem,
1038 1147 1162 1188 quem
1193 1132 1508 1189 desiderarint]

363 1210 430 1252 30.
461 1209 720 1251 Subductum.
782 1206 1041 1263 Subreptum
1074 1207 1340 1264 [,furatum].

363 1284 429 1324 31.
464 1283 661 1324 Incubuit.
722 1280 891 1331 Institit,
935 1295 988 1322 ne
1027 1295 1105 1323 nec
1141 1281 1183 1321 in
1222 1295 1296 1323 suo
1333 1280 1539 1322 elemento
1575 1279 1706 1335 quieti
1736 1279 1940 1330 uiuerent,
1980 1279 2079 1334 quia

251 1358 387 1399 aliena
417 1363 700 1412 temptassent.
734 1381 786 1385 ——
822 1356 984 1397 Cohors.
1045 1355 1112 1396 Ac
1143 1355 1176 1396 si
1208 1355 1378 1405 diceret,
1410 1354 1541 1395 multa
1571 1368 1729 1410 genera
1755 1353 1997 1395 morborum
2024 1352 2079 1394 ad

250 1431 480 1473 uindictam
511 1429 756 1471 temeritatis
787 1429 909 1470 terris
939 1428 1125 1470 inmissa.

363 1505 429 1546 32.
463 1505 682 1560 Scmotique
709 1504 828 1559 prius
860 1503 981 1544 tarda
1018 1503 1248 1545 necessitas.
1326 1501 1487 1558 [Tarde
1524 1500 1766 1557 uenientis}
1847 1498 1968 1542 Dicit
2003 1514 2079 1556 per

251 1578 540 1620 necessitatem
578 1576 954 1632 (multitudine1n?)
994 1576 1174 1618 febrium
1216 1575 1493 1618 acceleratam
1532 1581 1730 1625 mortem,
1777 1588 1883 1629 quae
1919 1573 2079 1615 tardior

251 1651 489 1693 hominibus
519 1652 652 1693 fuerat
689 1650 923 1692 constituta.
1209 1641 1212 1644 ⁴

365 1726 430 1766 33.
468 1726 670 1781 Corripuit
699 1726 887 1779 yrmtum.
947 1721 1218 1765 Accelerauit
1248 1722 1483 1777 periculum
1513 1721 1684 1762 inuento
1715 1735 1825 1763 nouo
1856 1720 1996 1771 exitio,
2034 1727 2079 1762 ut

260 1801 368 1855 l'crq.
402 1798 475 1852 (A.
498 1798 532 1848 I,
564 1799 690 1854 418):
729 1798 971 1854 Corripuere
1002 1798 1129 1839 uitam
1159 1798 1312 1837 interea
1345 1795 1448 1852 [qua
1478 1795 1626 1837 semita
1656 1794 1893 1851 monstrat]

364 1874 430 1913 34.
471 1874 657 1913 Vacuum.
717 1870 939 1926 Apertum,
979 1869 1090 1924 quod
1121 1869 1368 1924 experiendi
1398 1869 1638 1911 hominibus
1669 1884 1753 1911 non
1784 1883 1909 1910 causa
1939 1867 2075 1911 fuerit.

260 1948 367 2001 Verq.
415 1945 494 2001 (A.
532 1945 591 1994 V,
638 1946 766 1999 515):
815 1945 903 1985 Iam
946 1958 1079 1985 uacuo
1126 1944 1272 1985 laetam
1317 1944 1426 1985 caelo
1471 1944 1701 2000 speculatus
1743 1951 1779 1984 et
1809 1943 1888 1984 alis
1939 1943 2078 1984 Plau-

252 2020 414 2061 dentem.

366 2180 398 2218 l)
433 2180 636 2218 Nequiquam
668 2179 695 2208 A
728 2189 790 2209 non
824 2180 856 2208 in
894 2179 1054 2216 lemmate,
1089 2179 1156 2208 rell.
1184 2180 1407 2217 nequicquam,
1441 2178 1680 2218 necquicquam,
1719 2188 1782 2209 non
1817 2186 1857 2208 ne
1886 2176 2078 2216 quidquam.

252 2238 285 2275 2)
312 2247 330 2265 a
356 2238 449 2266 terris
474 2237 602 2274 ANlrte,
634 2236 694 2266 rfh.
730 2246 749 2265 a
778 2246 838 2265 om.
871 2245 972 2265 mvca.
1006 2246 1026 2264 a
1049 2240 1134 2264 terra
1161 2234 1196 2265 C.
1223 2236 1258 2274 3)
1286 2240 1393 2266 autem
1420 2237 1451 2265 id
1478 2241 1524 2265 est
1550 2237 1613 2274 R‚r.
1638 2240 1745 2266 autem
1775 2245 1834 2265 om.
1867 2234 1904 2265 G.
1954 2234 1990 2273 5)
2024 2235 2078 2264 de-

251 2295 322 2323 bere
347 2294 445 2330 AM),
472 2294 582 2323 debent
606 2292 767 2323 rmvcafli.
829 2293 864 2330 6)
891 2292 960 2321 <lum
985 2292 1056 2329 AN,
1082 2301 1150 2321 carn
1183 2293 1252 2321 rell.
1313 2293 1347 2331 7)
1381 2293 1547 2331 inlisitque
1571 2293 1609 2331 A,
1637 2294 1794 2331 illisitque
1818 2292 1874 2329 Nr,
1907 2292 2078 2330 illuditque

251 2350 287 2387 C,
313 2351 380 2379 rell.
407 2350 576 2387 illiditque.
625 2350 661 2388 8)
688 2349 760 2387 quia
787 2348 901 2385 ANRr,
928 2348 995 2377 reli.
1022 2348 1110 2386 quod.
1137 2348 1187 2377 sui
1210 2349 1353 2387 ANRCr,
1380 2350 1448 2379 rell.
1475 2359 1542 2379 sua.
1571 2349 1662 2385 Quod
1683 2350 1742 2378 uix
1767 2350 1834 2378 ulia
1858 2348 2078 2387 profunditate

250 2408 299 2436 sui
319 2407 440 2443 nudari,
457 2407 490 2435 id
510 2412 567 2443 est,
587 2407 719 2444 pedihus
737 2406 868 2434 transiri
892 2410 1024 2442 possunt
1043 2405 1078 2436 C.
1098 2410 1230 2443 possunt
1247 2405 1393 2443 ANuCr,
1423 2407 1491 2436 rell.
1511 2406 1642 2444 possint.
1691 2406 1726 2445 9)
1754 2405 1865 2435 Merito
1883 2415 1967 2435 omn.
1986 2405 2077 2435 codd.

250 2468 281 2492 et
308 2464 376 2493 edd.
402 2463 439 2492 Id
461 2468 503 2492 cst
527 2461 718 2492 ‹›111.ANC1-.
744 2461 903 2490 temeraria
932 2461 1169 2501 omniaficcicns
1187 2464 1375 2501 patiensque
1401 2462 1437 2493 C.
1487 2463 1521 2501 3)
1549 2464 1799 2501 patronomicum
1816 2462 1856 2492 A.
1882 2462 2077 2501 patronomi-

250 2531 321 2549 cum
345 2525 386 2550 est
412 2520 468 2549 Rl.
498 2521 731 2557 patronomicon
754 2523 796 2547 cst
820 2518 858 2549 N.
886 2520 1125 2557 patronymivon
1151 2530 1174 2556 r⁷
1206 2521 1274 2550 rell.
1302 2521 1548 2559 patronymicum
1574 2524 1632 2550 est.
1654 2519 1849 2559 periphrasis
1875 2518 2080 2558 patronymici

250 2577 395 2615 Iapetirles
421 2575 456 2605 C.
483 2577 571 2605 Nihil
599 2576 796 2611 mutandum,
835 2576 935 2613 patri>-
960 2584 1071 2604 nomen
1098 2577 1223 2605 breuius
1254 2577 1424 2606 indicatur.
1450 2577 1554 2606 Verba
1578 2577 1724 2606 diuersae
1761 2577 1933 2615 potestatis
1949 2584 2077 2617 πατρω-

249 2630 377 2674 vogn-m:
397 2638 424 2662 et
444 2628 678 2675 πατρονομικὸς
695 2641 788 2669 saepe
806 2631 1055 2660 confunduntur.
1087 2632 1140 2670 11)
1168 2633 1240 2662 (lum
1268 2633 1526 2671 AN12.1‚1·mv‹-a‚
1551 2644 1622 2663 cum
1647 2633 1692 2663 fh.
1723 2633 1778 2671 12)
1805 2633 1945 2663 diczmtar
1961 2632 2076 2669 ANRr,

250 2690 317 2718 rell.
351 2693 424 2717 snut.
459 2690 558 2718 ueluti
589 2690 722 2717 calm-em
755 2688 853 2716 Axur
886 2688 1016 2726 Franeq.
1043 2689 1110 2717 rell.
1142 2690 1231 2718 uelut
1256 2690 1348 2719 calor.
1377 2690 1491 2719 (nossa
1515 2691 1645 2719 videtur
1671 2699 1738 2719 esse
1763 2690 1803 2719 ad
1827 2700 1856 2719 u.
1886 2689 1982 2729 iqnem
2006 2697 2076 2726 per·

250 2746 369 2773 timens.
396 2746 604 2775 desiderarint
628 2746 698 2781 AN,
726 2745 977 2773 desideraverint
997 2744 1103 2781 Fran„
1131 2746 1322 2774 desiderarit
1347 2756 1370 2782 r,
1397 2747 1466 2776 rell.
1492 2747 1721 2776 desiderarunt.
1773 2746 1828 2785 13)
1854 2746 1996 2776 furatum
2015 2754 2076 2774 om.

252 2801 290 2829 A.
315 2807 457 2838 rrcptum
484 2802 576 2830 Fran.
601 2811 682 2830 surr.
710 2802 748 2830 N.
776 2801 861 2830 furto
886 2802 1029 2830 ablatum
1062 2802 1096 2830 (3.
1150 2802 1204 2839 15)
1239 2807 1452 2840 temptassent
1480 2805 1493 2832 1
1527 2803 1662 2833 Incubuit
1684 2803 1787 2833 institit
1809 2803 1849 2832 A.
1875 2806 1988 2841 tempt.
2028 2803 2077 2832 in-

251 2858 361 2885 cubuit
387 2863 492 2886 autem
521 2859 642 2886 inquit
673 2858 757 2893 Nlts
789 2857 952 2895 (insistit).
991 2859 1145 2887 incubuit.
1174 2863 1275 2887 terras
1294 2860 1412 2889 inuasit
1438 2864 1472 2889 ut
1499 2870 1556 2889 nec
1576 2883 1582 2889 .
1604 2883 1610 2889 .
1638 2859 1675 2890 C.
1703 2860 1821 2890 insistit
1852 2865 1887 2889 ut
1916 2861 1943 2889 l.
1970 2860 2077 2898 quiete

254 2914 312 2942 Ni».
342 2914 437 2942 mis-n
458 2914 493 2942 N.
519 2918 585 2942 sunt
609 2914 808 2943 ‹·1u..=let·2.
836 2920 951 2944 terram
977 2915 1108 2943 inmissa
1127 2919 1199 2943 sunt
1219 2925 1243 2943 r.
1299 2916 1352 2953 17)
1378 2916 1482 2945 Tarde
1500 2926 1572 2945 ucn.
1599 2927 1659 2946 om.
1685 2917 1724 2946 A.
1750 2916 1786 2946 In
1811 2916 1877 2946 cod.
1903 2916 1998 2945 Fran.
2023 2925 2074 2954 ap.

252 2970 381 3005 Suring.
409 2980 437 3007 [ι.
471 2972 528 2998 134)
556 2971 667 2999 salsum
694 2971 807 3000 lemma
833 2971 942 3000 datum
973 2976 1018 3000 cst
1046 2972 1151 3001 uerbis
1182 2973 1338 3009 corruptis
1362 2973 1516 3003 matcaudo
1540 2973 1704 3012 infirmata,
1730 2982 1810 3012 quae
1837 2973 1922 3002 idem
1946 2972 2074 3010 Suring.

254 3027 391 3056 mutauit
420 3027 448 3055 in
475 3027 552 3054 unilt.
579 3027 702 3064 infinita.
738 3028 822 3065 Lege
855 3029 978 3066 potius:
1011 3029 1102 3057 mult.
1128 3028 1331 3066 iasii-natatum
1356 3030 1376 3058 i.
1405 3039 1431 3059 e.
1459 3030 1594 3059 febrium
1620 3030 1742 3059 cohors.
1768 3029 1804 3059 In
1828 3029 1948 3059 scholio
1973 3029 2076 3058 scribe

251 3083 461 3112 multitudinem
486 3092 539 3120 pro
562 3082 776 3112 necessitatem.
803 3086 1007 3114 acceleratam
1031 3085 1145 3114 ANRr.
1167 3094 1225 3123 per
1237 3085 1358 3123 sebreis
1382 3087 1584 3115 acceleratam
1609 3086 1645 3115 U.
1685 3086 1823 3116 Turdam
1851 3085 2074 3115 necessitatem

251 3141 329 3168 «licit
361 3143 486 3176 proptor
504 3137 661 3175 feritatem
694 3139 828 3168 febrium
862 3142 1079 3171 accelerantem
1112 3144 1244 3170 mortem
1270 3142 1318 3170 sh.
1351 3147 1452 3179 propt.
1489 3151 1608 3171 necess.
1641 3143 1718 3172 febr.
1759 3143 1960 3172 acclerantem
1983 3144 2073 3170 mort.

252 3206 333 3225 luva.
363 3196 464 3224 'sarde
490 3197 574 3224 cuim
603 3196 720 3226 divitur
745 3206 767 3224 r.
795 3197 886 3225 tarda
914 3197 977 3227 NR.
1005 3199 1072 3227 rell.
1100 3199 1230 3227 tardam.
1282 3199 1338 3237 22)
1372 3199 1475 3228 fuerat
1503 3199 1681 3229 Rmvcafh.
