2283 3535
369 213 452 252 442
1004 225 1109 257 ACR.
1136 225 1196 257 ET
1222 225 1389 258 PORPH.
1416 225 1564 258 COMM.

482 348 546 389 60.
579 362 669 404 app.
701 348 734 389 b.
758 348 818 404 pl.
851 350 966 405 copia
998 363 1029 390 c.
1110 348 1245 401 Quasi
1277 350 1542 405 corporalem
1573 350 1696 391 deam
1727 350 1796 392 hic
1830 351 1976 407 accipe
2010 349 2205 408 Copiam,

369 419 440 477 [ac
469 434 547 475 per
577 419 690 477 eam]
722 420 867 476 utique
898 437 1038 463 rerum
1070 422 1257 464 omnium
1289 423 1606 466 abundantiam.

481 495 546 536 65.
577 495 614 535 si
640 495 730 536 Pal.
762 509 802 536 u.
833 510 888 536 ae.
920 510 1048 537 arces.
1120 493 1319 551 Apparet
1347 497 1431 539 iam
1465 497 1533 554 [eo
1570 497 1777 555 tempore]
1811 497 1864 539 ab
1895 497 2094 555 Augusto
2130 498 2205 540 de-

367 567 553 608 dicatum
582 567 710 609 fuisse
746 568 791 609 in
821 567 987 610 Palatio
1019 566 1215 624 Apollini
1255 570 1480 626 templum,
1520 572 1638 614 cuius
1677 579 1718 613 et
1764 573 1876 627 Verq.
1916 571 1976 614 sic
2014 572 2206 614 meminit

300 648 318 678 5
368 640 442 697 (A.
473 640 597 692 VHI,
630 642 751 698 720):
785 642 877 698 Ipse
906 643 1045 684 sedens
1074 644 1191 684 niueo
1224 645 1429 686 candentis
1461 645 1594 687 limine
1627 647 1777 688 Phoebi
1807 647 1923 687 Dona
1953 649 2205 702 recoqnoscz't

365 715 628 772 populorum.

481 790 546 830 67.
576 791 643 831 alt.
674 791 700 831 i.
734 790 758 831 l.
789 805 839 831 m.
870 807 900 832 s.
931 799 1119 846 proroqet
1146 806 1303 833 aeuum.
1363 791 1520 835 Sensus
1552 799 1632 834 est:
1670 792 1705 834 si
1736 800 1933 849 acceptas
1963 808 2058 836 aras
2078 793 2207 836 habet

365 862 538 918 Apollo,
580 877 687 918 quae
716 863 760 904 in
790 863 956 905 Palatio
995 864 1213 906 dedicatae
1245 871 1358 916 sunt,
1396 865 1495 921 [hoc
1532 865 1627 922 est‚]
1671 867 1705 908 si
1742 866 1957 909 Romanos
1995 867 2204 923 propitius

366 935 550 991 adspicit
579 936 730 978 melius
761 937 974 979 saeculum
1005 938 1050 979 in
1079 939 1264 981 futurum
1287 938 1457 981 tribuat.

301 1015 340 1046 10
481 1011 545 1051 69.
579 1024 716 1066 quaeq.
748 1013 793 1053 A.
828 1020 852 1053 t.
886 1014 933 1053 A.
965 1027 999 1069 q.
1031 1016 1079 1054 D.
1103 1028 1146 1069 p.
1177 1028 1217 1054 u.
1250 1021 1371 1055 curat
1399 1021 1433 1054 et
1468 1028 1507 1054 u.
1541 1029 1584 1070 p.
1625 1030 1661 1055 α.
1699 1015 1874 1071 applicat
1909 1029 2043 1058 aures.
2117 1015 2205 1058 Hic

366 1098 532 1139 quoque
563 1098 614 1125 ex
645 1085 862 1140 superiore
893 1100 1018 1128 sensu
1054 1101 1130 1141 per
1170 1102 1350 1143 zeugma
1388 1085 1459 1143 [si]
1502 1087 1710 1141 particula
1747 1088 2000 1130 arcessenda
2040 1096 2114 1140 est,
2159 1096 2205 1130 ut

366 1158 436 1199 sit:
470 1157 518 1199 Si
546 1158 788 1213 quindecim
818 1159 1008 1202 uirorum
1039 1174 1186 1215 preces
1216 1159 1362 1201 Diana
1393 1167 1511 1202 curat
1541 1167 1581 1202 et
1612 1161 1646 1203 si
1677 1162 1835 1204 amicas
1866 1178 1987 1205 aures
2018 1163 2205 1219 applicat

364 1246 592 1287 puerorum
623 1233 751 1282 uotis3
783 1239 824 1274 et
854 1248 987 1289 aeque
1018 1248 1069 1275 ex
1101 1234 1318 1289 superiore
1349 1234 1403 1275 ad
1433 1233 1621 1276 Dianam
1651 1236 1898 1291 pertinebit:
1945 1238 2130 1280 Alterum
2160 1239 2204 1280 in

366 1307 543 1348 lustrum
573 1308 765 1349 meliusue
796 1322 951 1365 semper
976 1317 1167 1365 proroget
1197 1323 1355 1350 aeuum.

299 1384 339 1416 15
480 1382 659 1423 73-75.
694 1382 802 1423 Haec
830 1383 972 1424 Jouem
1003 1409 1056 1412 —
1088 1383 1218 1424 dicere
1249 1383 1398 1424 laudes.
1458 1381 1622 1425 Phoebi
1652 1383 1798 1426 laudes
1829 1392 1870 1426 et
1899 1384 2081 1427 Dianae.

364 1469 664 1514 EXPLICIT
680 1471 869 1514 LIBER
888 1471 1186 1516 CARMINIS
1206 1471 1552 1517 SECVLARIS
1574 1473 1805 1517 INCIPIT
1821 1474 2082 1519 EPODON
2099 1475 2202 1534 (M).

479 1670 513 1708 2)
539 1672 567 1698 et
589 1678 646 1707 per
671 1679 741 1699 eam
767 1670 814 1711 2γ.
839 1680 876 1699 ac
901 1679 956 1708 per
981 1679 1051 1700 eam
1069 1669 1139 1705 GQ.
1166 1680 1226 1700 om.
1245 1670 1288 1699 M.
1314 1680 1382 1708 cop.
1408 1670 1545 1710 undique
1569 1681 1673 1701 rerum
1699 1682 1818 1702 omnem
1842 1673 1961 1704 abund.
1981 1673 2017 1702 R.
2037 1673 2093 1703 hec
2117 1673 2202 1703 acci-

357 1735 434 1764 pere
459 1725 593 1764 Copiam
617 1736 648 1756 u.
675 1737 699 1756 r.
726 1737 752 1756 o.
779 1726 920 1757 habund.
946 1728 979 1757 M
1004 1727 1158 1768 (Halm)
1223 1729 1258 1768 3)
1284 1738 1381 1767 equus
1406 1738 1492 1758 arces
1516 1728 1559 1758 M.
1590 1738 1662 1759 aras
1694 1728 1722 1764 Q
1754 1728 1845 1767 (uide
1878 1739 1907 1768 p.
1938 1730 2062 1760 XXXI:
2100 1732 2201 1760 ‘arces

364 1792 419 1820 pro
444 1784 555 1822 aras)
582 1783 667 1813 conf.
693 1783 789 1822 Verg.
817 1783 854 1814 G.
880 1784 921 1822 ΙΙ,
950 1785 1025 1814 535.
1052 1803 1095 1806 »-
1121 1794 1157 1815 eo
1184 1790 1279 1824 temp.
1309 1796 1368 1815 om.
1402 1784 1495 1816 MRG
1527 1784 1577 1824 (in
1608 1787 1739 1825 marg).
1787 1787 1823 1825 4)
1848 1786 1964 1824 palatio
1985 1786 2200 1830 MR27G‚rva.

362 1826 502 1868 Palatino
527 1839 571 1869 fh.
598 1840 751 1870 Palatium
776 1840 848 1871 Liv.
875 1841 901 1878 Ι,
929 1842 957 1870 5.
984 1841 1076 1871 Varr.
1102 1842 1137 1871 L.
1157 1842 1192 1871 L.
1219 1843 1273 1879 IV,
1302 1844 1331 1872 8.
1357 1842 1444 1879 VIII,
1472 1844 1500 1872 9.
1528 1843 1662 1880 apollini
1684 1841 1885 1879 MR2G,CQ.
1916 1852 1933 1885 γ
1956 1846 1988 1873 et
2014 1843 2086 1873 edd.
2112 1844 2200 1882 apol-

364 1896 445 1928 lim's.
510 1897 545 1935 5)
572 1901 608 1926 ut
632 1907 719 1927 maro
743 1898 831 1927 etiam
855 1902 979 1928 testatur
1001 1898 1046 1940 *sC
1072 1898 1150 1937 (om.
1178 1899 1302 1938 etiam).
1339 1900 1470 1929 numine
1495 1900 1530 1929 R.
1546 1899 1621 1938 sebi
1648 1901 1768 1930 donare
1792 1910 1862 1938 cog.
1888 1900 1931 1929 M.
1997 1900 2031 1940 7)
2057 1905 2204 1939 proroget

362 1952 475 1995 Myffl.
527 1954 562 1993 8)
588 1954 647 1984 hoc
672 1958 720 1984 est
748 1954 808 1984 2G.
835 1955 904 1984 rell.
929 1965 989 1985 om.
1016 1954 1154 1995 (siue‘2).
1182 1966 1270 1995 prop.
1296 1957 1387 1986 Rom.
1415 1957 1520 1987 rvafh.
1546 1957 1702 1995 propitios
1725 1957 1796 1986 MR.
1861 1955 1897 1993 9)
1921 1956 1953 1986 in
1976 1957 2036 1988 fut.
2062 1961 2102 1987 tr.
2128 1956 2200 1987 MR.

362 2010 435 2039 mel.
462 2019 524 2040 sec.
550 2011 674 2040 tribuat
697 2011 729 2040 in
753 2011 812 2041 fut.
838 2021 865 2053 γ.
891 2012 961 2041 rell.
987 2022 1047 2042 om.
1074 2012 1114 2041 in.
1141 2014 1213 2042 mel.
1241 2022 1323 2043 saec.
1349 2013 1473 2044 tribuat
1499 2014 1576 2053 (sic)
1602 2024 1648 2043 rv.
1674 2015 1746 2043 mel.
1773 2023 1834 2043 sec.
1860 2018 1900 2043 tr.
1927 2013 1987 2044 fut.
2014 2014 2079 2044 afh.
2143 2012 2199 2054 11)

363 2076 460 2096 sensu
485 2077 544 2097 om.
571 2067 605 2096 M
630 2066 782 2107 (Halm.)
808 2069 835 2097 si
863 2078 923 2098 om.
949 2069 1020 2098 MR.
1048 2078 1160 2099 zeuma
1185 2070 1240 2112 Ry.
1294 2070 1350 2109 12)
1376 2071 1480 2100 amica
1505 2071 1606 2100 laudes
1632 2070 1710 2110 (sic)
1736 2071 1778 2100 M.
1805 2071 1908 2100 amica
1932 2080 2024 2100 aures
2050 2070 2087 2100 R.
2114 2075 2146 2101 et
2171 2071 2199 2100 si

362 2127 429 2153 uot.
457 2133 509 2162 pu.
537 2125 658 2154 amicas
683 2134 776 2154 aures
801 2126 943 2163 applicat
967 2135 994 2168 γ.
1064 2127 1119 2165 13)
1145 2131 1176 2156 et
1203 2136 1304 2165 aeque
1328 2126 1434 2162 MGQ.
1462 2131 1494 2157 et
1518 2138 1632 2167 aequae
1656 2127 1698 2158 ad
1723 2128 1916 2166 superiorem
1943 2128 1983 2158 ad
2010 2128 2039 2157 2.
2067 2131 2100 2158 et
2124 2136 2200 2167 quae

360 2180 468 2210 rvafh.
495 2191 564 2219 sup.
590 2185 617 2211 et
639 2182 681 2211 ad
706 2182 794 2212 dian.
819 2182 891 2211 MR.
919 2182 1098 2221 pertinebat
1123 2185 1152 2214 2.
1206 2185 1260 2223 14)
1286 2184 1447 2215 illustrum
1472 2185 1509 2214 R.
1563 2185 1618 2224 15)
1646 2185 1716 2216 Hoc
1742 2185 1842 2215 schol.
1869 2195 1929 2215 om.
1955 2185 1993 2214 fh
2018 2189 2051 2215 et
2076 2183 2115 2222 Q,
2142 2185 2197 2223 qui

362 2238 543 2268 adnotauit:
571 2239 659 2268 ‘Post
683 2248 789 2268 aeuum
814 2240 847 2268 in
873 2240 940 2269 cod.
965 2240 1051 2269 Med.
1076 2240 1147 2270 Pat.
1174 2242 1317 2279 sequitur
1342 2246 1503 2280 postrema
1528 2242 1677 2271 carminis
1703 2243 1836 2280 stropha
1860 2242 1984 2272 addito:
2019 2241 2141 2271 Phoebi
2166 2245 2198 2270 et

361 2294 497 2323 Dianae.
522 2294 669 2324 Fortasse
695 2295 805 2325 lacuna
827 2296 946 2336 siynaca
971 2297 1048 2326 haec
1072 2297 1215 2336 recipere
1240 2298 1356 2328 debui.'
1416 2299 1498 2328 Haec
1537 2316 1579 2320 —
1620 2298 1719 2328 dicere
1744 2299 1859 2336 phoebi
1885 2299 1999 2328 laudes
2024 2301 2056 2327 et
2082 2298 2197 2328 dianae

361 2350 403 2379 M.
430 2351 514 2380 Haec
534 2369 572 2373 —
591 2351 691 2382 dicere
716 2352 831 2383 laudes.
857 2353 972 2391 phoebi
999 2358 1030 2383 et
1056 2355 1183 2383 dianae.
1203 2355 1302 2392 2,rva.
1329 2355 1444 2385 Totum
1472 2355 1569 2385 schol.
1596 2365 1656 2385 om.
1682 2355 1730 2384 fh.
1748 2355 1774 2384 R
1793 2365 1852 2385 om.
1872 2355 1990 2385 Phoebi
2010 2358 2042 2385 et
2058 2354 2195 2384 Dianae.

361 2407 474 2437 Posui:
513 2409 630 2446 phoebi
654 2409 759 2438 laudes
784 2414 815 2439 et
838 2409 983 2448 Dianae3
1021 2410 1138 2449 Porph.
1164 2412 1250 2440 enim
1276 2412 1347 2441 uult
1373 2412 1519 2450 intellegi
1544 2411 1648 2441 laudes
1673 2413 1731 2441 Ph.
1760 2417 1791 2442 et
1815 2412 1950 2449 Dianae,
1987 2421 2051 2441 non
2087 2411 2197 2441 chorus

361 2464 419 2493 Ph.
448 2469 479 2495 et
504 2465 641 2495 Dianae.
692 2465 784 2501 Quod
810 2476 880 2496 eum
906 2467 1027 2505 liquido
1052 2471 1174 2505 pateat,
1201 2472 1231 2497 et
1259 2468 1311 2497 hic
1337 2469 1452 2498 lacuna
1476 2469 1573 2498 absit.

752 2519 1013 2576 Porphirion
1043 2521 1087 2562 in
1117 2528 1250 2563 artem
1280 2522 1492 2577 poeticam
1523 2522 1675 2578 incipit
1704 2522 1797 2579 (R).
