2283 3535
724 228 769 258 IN
797 229 930 260 ieron.
958 229 1053 259 xvl.
1082 228 1195 259 xvn.
1792 218 1868 256 521

162 354 226 393 59.
259 366 338 392 non
369 352 446 391 huc
468 350 628 391 Sidona·
645 358 738 391 (ors.
763 364 914 391 cornua
936 358 1095 391 nautae.
1124 351 1216 390 Lab.
1238 365 1312 391 nee
1334 352 1475 393 cohors
1500 352 1644 392 Ulixei.
1705 349 1871 391 Suban-

50 424 269 465 dienduin:
309 424 342 464 si
374 423 484 463 enim
517 422 596 463 hue
628 422 852 466 uenissent,
886 423 1042 462 nollent
1074 423 1221 462 redire.
1284 422 1368 463 Per
1389 425 1574 465 Sidonios
1597 430 1733 464 autem
1759 422 1872 463 Cad-

48 512 161 538 mum
201 496 443 537 Thebarum
477 495 734 536 conditorem
772 495 858 535 uult
898 495 1098 549 intellegi.
1162 496 1302 536 L'lioeee'.
1364 495 1491 535 Metri
1520 511 1644 536 eausa
1665 495 1873 549 separatio

48 570 73 611 i.
106 584 139 610 e.
173 569 373 610 diaeresis
404 570 512 609 faeta
544 575 617 616 est,
650 574 693 607 ut
725 569 911 608 nectlere‘m'
937 575 974 608 et
1001 570 1129 623 pictai
1157 568 1257 609 solet
1291 567 1387 617 diei,
1419 567 1499 608 nisi
1532 568 1635 607 forte
1667 568 1723 608 ita
1744 568 1873 607 deeli-

48 643 177 692 nauit,
215 651 257 683 ut
289 644 376 690 (liei,
422 657 518 681 nam
550 648 772 694 utrumque
803 655 950 681 nomen
982 641 1172 682 uidemus
1204 641 1409 695 producta
1440 639 1602 695 syllaba
1633 640 1872 688 ter1ninari3

48 715 105 756 ita
136 723 172 755 et
206 715 329 769 paulo
361 723 450 769 post
483 714 657 755 Achillea·
683 713 800 753 dixit.

162 789 225 829 (53.
259 789 379 844 Jupp.
408 788 477 828 illa
503 790 596 842 piae
627 802 725 827 secr.
757 788 879 827 litora
909 789 1027 840 qemi.
1088 786 1183 827 Hoe
1215 794 1293 827 est:
1328 786 1378 826 ad
1412 786 1489 827 hoe
1511 785 1701 834 secreuit,
1734 791 1778 825 ut
1810 783 1872 840 [a]

49 861 120 916 pia
151 868 274 916 gente
306 860 606 901 habitarentur.

162 935 226 975 65.
260 935 324 974 ssss.
357 949 527 990 quorum
568 935 648 989 piis
693 948 765 973 sec.
811 941 903 973 uate
949 947 1006 972 me
1052 933 1175 972 datur
1219 933 1331 985 fuya.
1394 932 1575 980 Quorum
1606 931 1874 977 saeculorum,

48 1006 206 1048 seilicet
237 1007 348 1047 aerei
380 1022 428 1047 ae
460 1006 597 1055 ferrei,
644 1006 744 1060 fuga
774 1005 894 1046 uobis
927 1005 1006 1060 piis
1038 1005 1161 1045 datur
1192 1019 1215 1044 a
1247 1020 1305 1045 me
1336 1015 1425 1045 uate
1460 1005 1483 1044 i.
1516 1019 1549 1044 e.
1590 1005 1713 1044 datur
1753 1003 1872 1043 uobis

48 1079 222 1121 oonsilio
255 1094 359 1128 meo,
394 1086 436 1119 ut
467 1078 679 1133 effugiatis
711 1078 892 1133 pessima
924 1077 1102 1119 saecula.

702 1231 995 1286 EPODOS
1037 1232 1219 1286 XVII.

865 1341 1054 1385 AcRoN.

163 1446 250 1485 Iam
280 1447 357 1485 iam
391 1445 449 1500 ‘'ff-
484 1445 520 1484 «l.
554 1459 601 1484 m.
632 1458 684 1484 se.
760 1443 916 1483 Iterum
948 1442 989 1483 in
1023 1440 1245 1483 Canidiam
1277 1456 1446 1495 magam
1478 1441 1592 1491 dicit,
1640 1440 1751 1495 quod
1789 1441 1877 1481 effi-

50 1533 170 1559 caces
207 1518 295 1558 eius
326 1524 434 1557 artes
466 1516 720 1571 probauerit.
783 1514 950 1572 [Fingit
981 1523 1117 1556 autem
1155 1529 1197 1555 se
1231 1512 1437 1556 Canidiae
1469 1513 1674 1554 uenifieiis
1705 1528 1877 1568 supera-

49 1598 135 1632 tum
167 1598 207 1631 et
237 1590 487 1645 allegoricos
520 1589 784 1643 depreeatur,
816 1597 861 1629 ut
892 1587 972 1629 sibi
1002 1588 1180 1645 pareat]

50 1696 180 1734 aliique.
234 1695 287 1733 18)
311 1698 482 1732 prosecuta
509 1694 539 1722 2.
566 1694 634 1722 rell.
655 1702 778 1731 perseo.
806 1693 967 1730 posuerim
992 1695 1092 1720 secata
1117 1701 1187 1721 eum
1203 1691 1252 1735 Βφ
1269 1692 1327 1730 (C)
1356 1695 1387 1720 et
1412 1702 1445 1733 γε
1471 1701 1544 1730 arqo
1563 1691 1615 1729 (ut
1635 1691 1662 1721 G
1687 1700 1803 1729 aegaeo
1830 1700 1876 1721 rv.

49 1761 176 1789 argoum
199 1751 234 1780 P.
260 1760 327 1789 eyeo
353 1751 397 1779 St.
425 1749 563 1788 Genou.)
594 1760 649 1788 per
673 1759 748 1788 arqo
774 1749 918 1779 ostendit
945 1749 991 1777 ibi
1017 1748 1121 1777 nullas
1147 1757 1242 1785 posse
1268 1749 1337 1777 fieri
1364 1748 1499 1777 insidias
1518 1757 1599 1786 quae
1616 1747 1720 1776 factae
1739 1751 1813 1777 sunt
1838 1747 1877 1776 ab

50 1810 161 1839 iasone
186 1813 316 1846 propter
340 1807 443 1836 uellus
470 1807 670 1845 eripiendum
700 1806 783 1844 quod
816 1806 849 1834 iu
883 1808 978 1842 ponto
1013 1808 1087 1834 erat.
1120 1803 1264 1842 inpudica
1296 1803 1434 1834 cholchis.
1469 1804 1543 1842 quia
1569 1805 1692 1833 amauit,
1724 1804 1877 1833 iasonem.

50 1866 196 1895 Medeam
223 1866 305 1903 sign.
332 1874 394 1903 qua
420 1865 560 1894 iasonem
585 1867 685 1893 secuta
709 1874 734 1892 e.
762 1874 789 1892 a.
817 1872 846 1891 n.
873 1872 909 1891 ac
928 1871 987 1899 per
1011 1861 1064 1890 hoc
1088 1861 1160 1890 dicit
1182 1860 1223 1889 ibi
1247 1870 1359 1889 uenena
1382 1870 1441 1889 non
1467 1870 1536 1889 esse.
1565 1860 1648 1890 conf.
1677 1859 1717 1889 C:
1750 1878 1789 1880 —-
1817 1861 1877 1889 ali-

51 1932 147 1961 quam
173 1922 363 1957 maleficam,
403 1922 507 1959 qualis
533 1920 595 1950 fuit
618 1920 743 1957 Medea,
781 1929 861 1957 quae
886 1918 1038 1947 Jasonem
1064 1922 1163 1947 secuta
1189 1927 1204 1947 e
1229 1917 1349 1947 Colcho
1375 1927 1444 1947 cum
1470 1918 1670 1955 Argonautis
1696 1917 1876 1954 nauigauit.

51 1979 132 2017 Aryo
156 1982 261 2007 autem
286 1981 400 2007 uocata
425 1978 517 2006 nauis
542 1981 591 2006 est
624 1976 766 2005 Jasonis.
797 1992 831 1996 -ᾼ
864 1973 976 2003 Colchis
1001 1974 1147 2003 Medeam
1175 1975 1351 2012 significat,
1388 1983 1443 2012 qvo
1477 1974 1540 2003 uult
1574 1973 1637 2002 illic
1673 1973 1785 2002 nullam
1819 1982 1880 2001 esse

50 2034 220 2069 ueneficam.
270 2034 304 2072 3)
331 2033 477 2062 ueneficii
500 2033 630 2069 MRG,r.
656 2032 802 2061 maleficii
827 2033 862 2060 2:
888 2031 1041 2060 ueneficia
1066 2030 1185 2065 vashQ.
1213 2031 1252 2059 ab
1279 2031 1388 2067 ignota
1413 2030 1484 2064 MR,
1512 2033 1646 2067 uterque
1672 2039 1733 2059 om.
1760 2029 1809 2058 eis.
1837 2029 1876 2057 ab

51 2090 91 2119 eis
117 2091 257 2128 ignotam
284 2089 345 2119 2G.
372 2091 411 2119 ab
439 2090 482 2119 eis
509 2090 617 2127 ignota
642 2087 868 2126 rvaflrficz'sse
900 2087 1032 2122 rvath.
1066 2096 1128 2115 esse
1158 2086 1283 2116 MReG.
1316 2085 1399 2115 eonf.
1432 2084 1484 2127 γΟ.
1534 2085 1654 2114 Sensus
1680 2085 1785 2114 clarus
1814 2088 1877 2113 est:

53 2146 206 2175 describit
231 2147 288 2175 illa
313 2146 396 2175 beata
420 2155 499 2175 arua
524 2147 591 2175 siue
616 2145 717 2181 litora,
754 2144 862 2172 diceus
888 2143 927 2172 ibi
949 2143 1063 2172 nullam
1087 2152 1148 2172 esse
1172 2143 1342 2181 ueneficam.
1369 2143 1443 2171 hinc
1469 2142 1572 2171 scribe
1596 2141 1638 2170 ihi
1666 2151 1723 2180 pro
1760 2159 1801 2161 —-
1839 2140 1882 2169 eii

52 2201 99 2239 ab,
127 2211 257 2232 seruans
283 2212 361 2239 esse3
402 2212 474 2231 nam
490 2202 593 2240 fuisse
618 2202 773 2230 absonum
799 2209 868 2229 esse
895 2210 935 2229 ex
963 2209 997 2229 eo
1023 2203 1123 2237 patet,
1161 2199 1245 2237 quod
1271 2199 1309 2228 de
1334 2198 1410 2228 fort.
1437 2199 1566 2235 insulis,
1605 2208 1667 2227 non
1701 2198 1740 2228 de
1774 2198 1879 2236 Argo-

52 2259 159 2288 nautis
184 2260 313 2288 dieitur.
341 2258 442 2288 benef.
468 2269 524 2297 pro
548 2257 649 2288 uenef.
676 2261 711 2286 ut
745 2258 871 2294 saepius
898 2257 930 2285 in
955 2255 1000 2287 M.

168 2316 200 2354 1)
227 2315 333 2345 cohors
358 2315 454 2344 ulia-ei
480 2315 615 2351 iul-{arv
651 2314 700 2351 (in
726 2314 856 2343 scholio.
881 2312 976 2351 nlysel
1000 2314 1032 2342 in
1057 2312 1189 2351 lemm)
1227 2312 1348 2351 Ulyssei
1370 2311 1436 2341 afh.
1463 2312 1577 2351 ulyxei
1604 2310 1642 2341 G.
1669 2311 1769 2340 ulixei
1796 2321 1880 2341 omn.

55 2372 120 2402 fere
145 2377 209 2402 uet.
236 2373 325 2402 codd.
352 2372 491 2401 Horatii.
517 2372 624 2401 choors
649 2370 772 2413 EBch,
798 2374 834 2399 ut
860 2370 888 2399 A
914 2370 955 2398 ad
980 2369 1017 2398 E.
1044 2369 1069 2406 Ι,
1096 2371 1126 2407 3,
1153 2370 1182 2398 6.
1207 2369 1284 2398 enim
1308 2378 1367 2398 orn.
1397 2370 1413 2396 2
1440 2366 1540 2405 (GPQ.
1568 2377 1645 2396 corr.
1672 2377 1701 2404 p.
1735 2367 1880 2396 XXXIV.

55 2429 89 2467 3)
116 2438 210 2458 causa
234 2429 277 2458 M.
343 2429 376 2466 7)
404 2429 496 2458 litora
524 2427 566 2462 M,
604 2431 639 2456 ut
665 2426 694 2455 K
726 2426 836 2455 Ambr.
865 2429 895 2455 et
921 2426 986 2463 plu.
1020 2425 1110 2454 codd.
1144 2425 1233 2459 Hor..
1266 2425 1368 2453 littora
1400 2424 1454 2453 ΕΡ
1486 2424 1582 2453 Bern.
1614 2423 1643 2452 A
1674 2428 1733 2452 etc.
1800 2423 1834 2461 8)
1862 2433 1881 2452 a

54 2487 107 2523 pia
131 2485 177 2514 fh.
230 2486 284 2524 11)
311 2494 456 2522 pessuma
483 2484 589 2513 secula
605 2482 639 2511 M
653 2483 788 2522 (Halm.‚
809 2481 997 2520 Q‘d).flcya.
1025 2481 1202 2511 declinatio
1229 2482 1281 2519 (ut
1299 2481 1438 2520 Ambr.).
1470 2480 1514 2509 Ut
1539 2481 1579 2508 ad
1599 2490 1633 2509 ea
1652 2480 1721 2509 loca
1738 2481 1880 2508 ueniatis

55 2551 135 2580 quae
167 2543 232 2571 sint
269 2542 359 2570 uobis
396 2541 497 2577 digna
522 2541 541 2568 i.
579 2549 628 2568 me
654 2539 809 2568 suadente
834 2539 925 2568 uobis
951 2539 1013 2576 piis
1040 2537 1115 2575 fuga
1140 2540 1301 2576 prestatur
1329 2546 1354 2578 γ.
1380 2545 1424 2565 me
1447 2541 1525 2567 mate.
1557 2546 1604 2565 me
1631 2540 1725 2574 poeta
1749 2545 1880 2574 persua-

56 2600 151 2628 dente
175 2608 203 2641 γ.
231 2616 270 2618 -
297 2607 311 2626 e
336 2597 472 2627 consilio
504 2597 548 2625 M.
584 2596 651 2625 rell.
677 2605 735 2624 om.
772 2606 797 2624 e.

168 2653 325 2683 ACRON.
375 2653 571 2688 Notandum,
600 2653 632 2680 iu
651 2652 680 2680 K
698 2662 727 2682 u.
750 2652 855 2680 1Q52
876 2653 907 2680 in
926 2652 1102 2688 posteriore
1128 2655 1218 2688 parte
1244 2650 1363 2679 codicis
1389 2658 1457 2677 esse
1483 2649 1617 2686 positos,
1645 2657 1754 2677 uersus
1773 2652 1880 2677 autem

58 2712 188 2740 53-58
216 2711 248 2739 in
274 2711 386 2748 priore⁷
413 2710 457 2738 ita
481 2713 517 2737 ut
543 2718 668 2737 uersum
696 2708 736 2736 52
763 2708 794 2736 in
821 2712 911 2745 parte
940 2708 1114 2745 posteriore
1145 2707 1288 2744 excipiat
1318 2706 1379 2734 Ars
1404 2705 1533 2743 poetica.
1582 2704 1670 2733 Duas
1696 2708 1802 2733 autem
1828 2705 1881 2733 hie

57 2771 150 2797 uetus
175 2768 255 2796 liber
280 2767 376 2796 habet
401 2766 635 2803 inscriptiones,
661 2765 797 2793 alteram
823 2774 904 2801 quae
929 2765 969 2792 ad
994 2774 1024 2793 u.
1054 2764 1094 2793 53
1120 2763 1276 2801 pertinet:
1314 2761 1412 2800 Negat
1434 2760 1586 2790 canicllam
1609 2760 1667 2789 sibi
1688 2760 1885 2789 reconciliari

57 2823 121 2853 ideo
145 2823 283 2861 quoniam
306 2822 439 2860 'Uenefica
464 2821 526 2850 eius
549 2820 726 2859 uedyauerz't.
777 2820 890 2848 Altera
916 2820 994 2848 haee
1020 2824 1085 2849 est:
1111 2820 1223 2856 Fingit
1249 2827 1282 2847 se
1308 2827 1342 2846 ex
1369 2818 1419 2854 (ex
1445 2827 1507 2848 om.
1538 2817 1608 2855 Or.)
1634 2817 1760 2846 canidio
1786 2825 1881 2845 uene-

61 2880 141 2908 ficiis
168 2883 360 2916 superatum.
388 2877 505 2906 Berlin.
530 2876 597 2905 AC.
624 2877 710 2905 Parr.
737 2876 841 2917 ΕγΗΡ
866 2876 974 2905 Ambr.
1002 2875 1092 2904 Fran.
1131 2879 1187 2904 ete.
1214 2874 1349 2902 eandem
1374 2874 1495 2902 habent
1533 2883 1602 2902 eum
1640 2873 1880 2902 additamento:

59 2935 170 2973 Fingit
195 2945 227 2964 se
252 2934 396 2963 canidiae
422 2932 580 2969 (canidius
596 2932 638 2970 E)
665 2932 831 2961 ueneficiis
849 2935 1033 2969 superatum
1051 2930 1229 2971 (uenefitiis
1248 2933 1444 2967 suppratum.
1465 2929 1548 2958 Toll.
1567 2933 1597 2957 et
1625 2928 1784 2968 Broukh.)
1804 2929 1882 2958 alle-

60 2992 184 3029 goricos
212 2990 263 3029 (eo
289 2990 332 3029 E)
365 2990 551 3026 depreeatur
576 2992 611 3017 ut
638 2989 698 3017 sibi
725 2992 845 3025 pareat.
875 2988 994 3025 (minus
1020 2992 1168 3016 accurate
1193 2986 1277 3024 apud
1304 2985 1374 3023 Or.)
1402 2985 1481 3014 eouf.
1508 2989 1742 3022 argumentum.
1770 2986 1806 3014 b:
1846 2985 1881 3014 In

61 3047 220 3076 canidiam
248 3047 392 3075 trimeter
429 3045 595 3074 iambicus.
632 3043 722 3072 Harl.
759 3043 828 3086 Βφ;
865 3043 903 3072 111
929 3043 1096 3073 eanidiam.
1134 3043 1162 3072 D
1202 3042 1310 3071 addit:
1350 3041 1446 3079 fingit
1483 3051 1516 3071 se
1552 3042 1718 3071 ueneficiis
1755 3042 1882 3071 eanidie

60 3103 188 3132 uictum.
214 3102 256 3131 R:
284 3102 354 3132 Ode
380 3100 476 3130 CXX.
503 3101 543 3129 ad
570 3099 752 3129 Canidiam.
800 3098 831 3138 †)
856 3100 919 3128 Hic
944 3099 1063 3137 epodos
1090 3098 1124 3127 in
1148 3098 1177 3127 A
1202 3107 1262 3128 non
1288 3098 1415 3135 legitur.

176 3159 230 3197 16)
256 3167 402 3195 magnam
428 3158 458 3185 h.
513 3156 566 3194 17)
592 3155 703 3193 Fingit
717 3172 755 3175 -—
776 3164 816 3193 pa
834 3158 885 3185 eat
903 3165 963 3185 om.
983 3153 1199 3190 R2G,rmvea.
1226 3154 1391 3183 Fabricius
1412 3163 1486 3191 ergo
1519 3154 1596 3183 haec
1613 3154 1711 3183 uerba
1729 3161 1769 3181 ex
1785 3153 1880 3181 inser.

62 3214 184 3252 intulit,
211 3223 300 3251 seqq.
326 3213 385 3249 hQ.

1903 1015 1942 1045 lo
