2283 3535
320 1062 360 1092 10

389 257 472 297 438
1033 266 1147 299 ΑΘΒ.
1173 268 1234 299 ET
1259 266 1426 298 PORPH.
1450 266 1598 299 coMM.

503 392 569 432 65.
602 392 639 432 si
670 391 756 432 Pal.
788 391 899 432 uidet
927 405 1075 447 aequus
1107 405 1233 432 arces.
1292 389 1545 446 Propitius[,
1577 397 1622 431 ut
1652 388 1726 446 (A.
1757 389 1835 441 IV,
1867 391 1990 448 372):
2016 392 2100 435 Nec
2132 393 2224 435 Sa—

388 466 551 506 turm’us
583 464 679 506 haee
710 465 838 506 oculis
860 473 982 521 pater
1011 465 1177 520 adspicit
1206 462 1377 520 aequis]

502 538 567 578 67.
600 538 674 579 alti
700 538 724 579 I.
801 535 882 594 [Ut
913 543 1158 592 sequentem
1189 551 1346 577 annum
1378 550 1545 591 semper
1580 536 1799 579 meliorem
1835 536 2066 595 exhibeat]
2138 538 2224 581 Pro

387 618 589 666 tempore.

493 693 700 741 proroqet.
774 683 950 734 Dilata,
996 682 1176 733 differat,
1226 682 1286 740 [et
1317 690 1378 725 est
1407 689 1572 739 tempus
1614 684 1856 740 (lustrumP)
1896 699 1975 740 pro
2014 685 2222 743 tempore]

386 759 466 800 hoc
497 765 570 808 est,
602 756 863 813 prorogabit.

501 833 566 873 69.
598 845 735 887 quaeq.
767 831 860 873 Fla.
922 829 1081 872 Sensus
1113 837 1194 871 est:
1227 829 1284 871 Et
1307 829 1380 888 [si]
1404 829 1586 881 Dianae,
1619 845 1728 886 quae
1750 829 2014 876 Auentinum
2044 838 2158 874 tenet
2186 839 2227 874 et

385 904 608 961 Algidum,
641 905 742 960 (si?)
776 904 1019 959 quindecim
1049 903 1238 945 uirorum
1269 918 1417 959 preces
1454 911 1572 945 curat
1613 911 1654 946 et
1690 904 1799 946 uotis
1837 920 2064 961 puerorum
2104 921 2226 948 aures

386 978 586 1033 applicat,
621 978 664 1018 in
696 978 874 1019 alterum
904 977 1082 1019 lustrum
1113 992 1264 1019 aeuum
1295 984 1506 1033 proroget.

501 1053 784 1108 Alyz'dumque.
846 1051 1009 1109 [Locus
1041 1057 1103 1093 est
1132 1050 1220 1107 uel]
1253 1065 1373 1092 mons
1404 1050 1642 1106 appellatus
1673 1051 1726 1093 ab
1758 1052 1926 1095 assiduo
1955 1052 2127 1109 frigore.

500 1127 564 1167 70.
598 1126 819 1182 quindecim
834 1126 883 1168 D.
910 1140 975 1182 pr.
1008 1141 1045 1167 u.
1109 1124 1179 1181 [In
1209 1123 1367 1179 templo
1399 1123 1512 1165 enim
1534 1123 1704 1166 Dianae
1736 1126 1922 1182 deputati
1952 1134 2070 1168 erant
2101 1126 2224 1182 quin-

386 1198 524 1241 decim
554 1199 637 1240 uiri
668 1206 753 1240 tam
783 1199 838 1240 ad
868 1213 1072 1254 responsa
1103 1198 1313 1253 captanda
1335 1213 1461 1253 quam
1483 1198 1537 1239 ad
1558 1198 1766 1241 sacrificia
1788 1199 2039 1257 offerenda]
2087 1198 2226 1253 Quin-

387 1273 525 1315 decim
556 1273 669 1315 enim
700 1273 938 1316 sacerdotes
968 1272 1138 1314 Dianae
1169 1271 1221 1313 de
1252 1271 1443 1328 patriciis
1475 1272 1739 1314 creabantur.

501 1349 565 1389 71.
599 1349 762 1389 amicas.
822 1347 1050 1403 Propitias.

500 1423 565 1462 72.
598 1423 788 1478 Adplicat
818 1423 942 1463 auris.
1002 1419 1076 1461 Ad
1106 1419 1365 1461 audiendum
1396 1418 1584 1460 inclinat.

499 1496 564 1536 73.
597 1496 694 1537 haec
724 1497 757 1537 I.
789 1512 819 1537 s.
853 1496 890 1537 d.
923 1510 954 1537 c.
1015 1493 1137 1537 Finis
1160 1494 1270 1536 sacri
1292 1492 1493 1535 carminis
1516 1493 1596 1535 hoc
1616 1492 1806 1551 habeat[,
1841 1501 1888 1536 ut
1907 1494 1951 1536 in
1971 1494 2076 1537 haec
2094 1495 2226 1538 uerba

502 1635 534 1673 1)
562 1645 648 1664 arces
671 1635 700 1664 A
726 1635 758 1664 in
783 1635 861 1664 Hor.
889 1634 939 1673 (ut
963 1634 995 1663 K
1020 1634 1115 1663 Fran.
1143 1634 1265 1672 aliique
1289 1632 1388 1670 uett.)
1416 1642 1491 1662 aras
1516 1633 1551 1662 in
1576 1633 1720 1663 lemmat.
1747 1633 1874 1664 scholii.
1907 1643 1998 1664 arces
2020 1635 2069 1665 uel
2092 1636 2161 1665 siue
2184 1635 2226 1665 αἶ.

385 1702 460 1721 aras
484 1696 546 1724 uet.
573 1692 685 1722 Ambr.
711 1692 799 1721 Parr.
827 1690 975 1734 EszDQ
1001 1690 1098 1719 Bern.
1127 1689 1164 1719 G.
1192 1689 1300 1728 aspicit
1324 1693 1359 1718 ut
1384 1689 1432 1718 fh.
1460 1698 1502 1718 ex
1520 1690 1614 1728 Verg.
1641 1690 1717 1721 loco.
1744 1694 1781 1719 ut
1807 1691 1919 1729 aequis
1946 1701 2007 1721 om.
2023 1692 2063 1729 A,
2088 1693 2143 1730 qui
2167 1692 2226 1721 ha-

385 1750 457 1778 bet:
485 1749 573 1778 Ante
598 1750 763 1787 paladium
789 1750 873 1778 enim
900 1748 1059 1786 templum
1084 1751 1133 1776 est
1159 1747 1294 1785 apollini
1327 1747 1543 1776 constitutum
1577 1747 1665 1776 uelut
1698 1748 1823 1777 numini
1856 1748 2002 1778 salutari.
2033 1757 2051 1790 γ
2075 1746 2176 1786 (conf.
2202 1747 2226 1778 C

384 1811 415 1837 et
439 1807 591 1846 Porph.):
622 1807 767 1845 Apparet
798 1807 862 1836 iam
888 1816 922 1836 eo
948 1810 1092 1843 tempore
1118 1806 1157 1834 ab
1183 1807 1323 1842 augusto
1349 1803 1536 1833 dedicatum
1562 1803 1663 1833 fuisse
1689 1804 1722 1833 in
1755 1805 1877 1842 palatio
1900 1805 2053 1843 apollinis
2069 1805 2227 1843 templum

383 1867 418 1893 ut
444 1873 531 1893 maro
558 1864 611 1903 (A.
630 1863 717 1901 VIII,
746 1862 826 1903 720)
853 1864 950 1893 etiam
976 1865 1134 1892 testatur:
1164 1862 1229 1900 Ipse
1252 1861 1357 1890 sedens
1380 1860 1467 1890 niueo
1491 1860 1645 1890 candentis
1670 1860 1768 1890 limine
1788 1860 1889 1899 phebi.
1924 1863 2043 1901 Aequus
2066 1862 2226 1900 propitius

382 1921 423 1950 A.
450 1920 474 1950 C
501 1921 604 1949 addit.
630 1921 787 1958 placidus.
814 1923 868 1949 ut:
893 1930 951 1949 nec
978 1937 1019 1940 ψ
1046 1919 1170 1956 aequis.
1195 1927 1230 1959 γε
1268 1918 1399 1956 Aequus,
1426 1917 1508 1958 felix
1535 1918 1707 1955 propitius,
1733 1921 1769 1947 ut
1794 1922 1891 1956 poeta
1916 1918 1972 1957 (A.
1997 1918 2023 1956 I,
2051 1919 2149 1958 330):
2176 1918 2227 1948 Sis

371 1978 457 2016 felix
480 1982 668 2016 nostrumque
693 1977 771 2007 leues
795 1986 1002 2016 quemcumque
1027 1975 1166 2005 laborem.
1199 1974 1269 2012 ch,
1303 1975 1356 2012 qui
1387 1975 1503 2004 habet:
1529 1974 1624 2013 selim.
1659 1975 1829 2004 secundus.
1862 1978 1898 2004 ut
1931 1975 2032 2006 Poeta
2061 1993 2105 1996 —
2137 1984 2228 2014 quae-

384 2045 516 2074 cumque
541 2035 693 2065 laborem.
720 2043 944 2072 quemcumque
970 2033 1060 2063 Seru.
1088 2033 1126 2063 B.
1152 2032 1190 2069 V,
1218 2033 1270 2061 65.
1320 2032 1355 2070 3)
1383 2031 1455 2062 Sch.
1482 2040 1541 2060 0111,
1567 2030 1665 2072 Αγ,Ο.
1691 2040 1748 2069 pro
1774 2034 1917 2069 tempore
1941 2041 1968 2073 γ.
1995 2032 2078 2062 conf.
2098 2030 2134 2061 C.
2154 2031 2224 2061 rell.

385 2102 444 2122 om.
469 2092 517 2121 A:
543 2091 702 2130 meliusque
725 2101 820 2129 sump.
844 2100 932 2129 pror.
963 2100 1012 2119 αα.
1037 2090 1172 2119 meliora
1198 2097 1304 2120 romae
1330 2092 1475 2127 tempora
1494 2089 1642 2117 daturum
1661 2088 1839 2126 propitium
1857 2088 2020 2125 promittit
2039 2089 2225 2127 apollinem.

386 2148 420 2186 5)
448 2149 512 2177 sch.
538 2158 599 2178 orn.
624 2147 662 2176 A.
691 2151 722 2176 et
749 2151 796 2176 est
820 2151 917 2186 temp.
944 2156 1001 2184 pro
1026 2151 1124 2184 temp.
1151 2156 1212 2175 0111.
1240 2146 1269 2175 h.
1295 2146 1316 2175 l.
1342 2144 1386 2187 γΟ
1413 2146 1466 2175 hoc
1493 2149 1542 2176 est
1567 2146 1604 2174 R.
1631 2145 1700 2175 rell.
1727 2149 1754 2174 et
1777 2146 1864 2176 esti.
1883 2155 1909 2175 e.
1927 2145 1965 2181 Q.
1993 2145 2126 2175 lustrum
2142 2149 2225 2175 tem-

384 2214 444 2243 pus
470 2205 513 2243 gl.
540 2205 603 2247 Βφ.
629 2204 817 2242 prorogabit
841 2213 901 2234 om.
929 2202 964 2232 C.
991 2201 1178 2241 prorogabis
1202 2202 1271 2239 N‚r.
1300 2200 1353 2231 Ad
1379 2211 1409 2230 u.
1437 2203 1570 2232 65-—68
1597 2203 1719 2232 habent
1744 2201 1788 2244 γΟ
1822 2203 1966 2233 scholion
1998 2202 2116 2240 Porph.
2147 2201 2224 2231 uide

386 2261 481 2291 infra.
534 2262 567 2300 7)
593 2260 665 2290 Sch.
693 2271 754 2290 om.
780 2259 868 2302 A-sC.
931 2260 966 2299 8)
992 2268 1138 2298 praeceps
1163 2263 1274 2288 currat
1300 2269 1324 2290 r.
1350 2259 1463 2295 A,mv:
1503 2260 1535 2289 in
1561 2260 1717 2289 auentino
1743 2259 1827 2289 enim
1853 2263 1885 2289 et
1910 2260 1944 2289 in
1969 2259 2078 2297 algido
2103 2259 2225 2296 templa

385 2317 480 2346 diane
505 2316 628 2346 famosa
653 2318 743 2346 cultu
768 2322 799 2346 et
824 2314 947 2358 magssss
958 2316 1085 2354 (rasura
1102 2326 1171 2345 mv:
1200 2315 1331 2354 magna)
1359 2320 1435 2345 sunt
1461 2317 1604 2346 condita.
1656 2316 1713 2355 10)
1730 2315 1804 2345 Sch.
1830 2325 1890 2346 om.
1909 2315 1949 2345 A.
1976 2315 2080 2346 Locus
2106 2319 2155 2345 est
2174 2315 2225 2344 uel

385 2384 445 2403 om.
472 2373 524 2415 γΟ.
548 2373 686 2412 Algidus
712 2383 805 2404 mons
831 2374 870 2403 ab
896 2383 959 2403 ass.
984 2383 1046 2403 mo.
1074 2373 1257 2411 appellatus
1286 2372 1351 2412 [est
1369 2371 1423 2411 C].
1450 2383 1515 2403 11011
1540 2373 1636 2411 longe
1663 2373 1702 2402 ab
1728 2372 1806 2402 urbe
1833 2373 1931 2402 etiam
1956 2372 2081 2402 romani
2107 2372 2140 2401 in
2164 2372 2224 2401 hoc

385 2431 499 2460 dianae
526 2441 616 2461 sacra
642 2432 847 2461 celebrabant
870 2430 915 2473 γΟ
942 2429 998 2471 (ab
1023 2431 1101 2460 urbe
1127 2431 1232 2466 Roma,
1259 2429 1290 2458 in
1314 2439 1372 2467 quo
1395 2434 1491 2459 monte
1516 2429 1648 2459 Romam*
1678 2429 1767 2458 etiam
1798 2429 1925 2458 Dianae
1958 2438 2003 2458 sa.
2038 2428 2181 2467 celebr.).
2207 2437 2224 2470 γ

384 2489 509 2526 pergit:
548 2487 668 2518 Sensus
695 2492 802 2518 autem
832 2487 1016 2517 huiusmodi
1043 2491 1104 2517 est.
1163 2486 1205 2515 Et
1231 2486 1327 2515 diana
1353 2495 1435 2524 quae
1460 2486 1671 2516 aduentinum
1707 2486 1787 2525 (sic)
1822 2489 1913 2515 tenet
1945 2489 1977 2515 et
2008 2485 2163 2524 algidum.
2197 2485 2223 2513 si

384 2545 569 2583 quindecim
594 2546 736 2575 uirorum
762 2554 872 2583 preces
902 2548 1004 2574 curat.
1032 2547 1063 2573 et
1095 2544 1181 2574 uotis
1213 2552 1381 2581 puerorum
1416 2552 1508 2573 aures
1540 2544 1692 2581 applicat.
1724 2543 1757 2572 in
1787 2543 1926 2572 alterum
1958 2542 2097 2572 lustrum
2129 2551 2222 2571 euum

384 2606 544 2640 proroget.
594 2602 681 2640 Ergo
706 2602 759 2631 hic
786 2612 827 2631 ex
854 2602 1016 2640 superiore
1046 2610 1154 2630 sensu.
1181 2610 1238 2638 per
1264 2610 1384 2630 zeuma.
1412 2601 1439 2630 si
1465 2600 1625 2638 particula
1650 2609 1742 2630 aecer
1767 2600 1929 2630 censenda
1953 2602 1988 2629 ta
2013 2599 2030 2628 ὃ
2062 2598 2124 2637 (sic
2150 2607 2222 2636 pro:

385 2658 577 2688 accersenda
603 2659 679 2698 est).
706 2658 790 2688 conf.
818 2658 934 2697 Porph.
988 2659 1043 2697 11)
1070 2657 1143 2687 Sch.
1162 2666 1222 2687 om.
1242 2657 1335 2693 A,mv
1354 2658 1410 2695 qui
1428 2658 1568 2687 habent:
1595 2657 1780 2695 quindecim
1798 2657 1884 2686 enim
1903 2656 2087 2686 sacerdotes
2107 2655 2224 2684 dianae

385 2716 423 2744 de
450 2716 596 2753 patriciis
622 2717 813 2746 creabantur
839 2716 1026 2754 (creabatur
1051 2715 1098 2754 v).
1125 2713 1206 2744 Cum
1231 2725 1261 2743 u.
1287 2714 1444 2752 offerenda
1470 2717 1594 2743 exeunt
1619 2713 1739 2744 Comm.
1766 2713 1841 2743 Acr.
1869 2713 1909 2742 ad
1935 2711 2044 2742 Carm.
2080 2721 2163 2742 saec.
2190 2711 2222 2740 in

384 2772 471 2809 NR,r
496 2772 588 2811 (effi).
640 2774 695 2812 14)
721 2773 765 2811 gl.
793 2783 853 2802 om.
879 2771 931 2813 γΟ.
958 2782 976 2814 γ
1000 2772 1117 2802 habet:
1148 2772 1268 2801 amicas
1295 2771 1437 2809 adplicat
1461 2770 1540 2809 (1111.
1566 2771 1618 2800 1101
1644 2770 1702 2810 eet)
1729 2771 1756 2800 si
1783 2770 1816 2799 in
1843 2770 1944 2799 sacris
1970 2768 2130 2799 faciendis
2148 2770 2223 2797 uota

386 2833 417 2858 et
441 2839 552 2867 preces
578 2833 677 2859 curat.
703 2831 755 2859 uel
781 2830 964 2868 quindecim
989 2829 1132 2858 uirorum
1156 2829 1209 2857 uel
1235 2828 1414 2866 puellarum
1440 2828 1474 2857 in
1505 2837 1599 2857 euum
1616 2827 1698 2857 felix
1717 2827 1977 2865 prorogabuntur
1993 2834 2125 2856 romana
2141 2828 2222 2854 tem-

385 2895 471 2923 pora.
525 2887 580 2924 15)
607 2887 673 2916 sch.
701 2895 741 2915 ex
767 2886 885 2923 A,m,v.
913 2886 980 2915 rell.
1008 2895 1067 2915 om.
1094 2885 1166 2915 Vet.
1192 2884 1303 2914 Ambr.
1332 2885 1445 2914 habet:
1476 2886 1615 2923 applicat
1637 2884 1730 2914 auris.
1758 2894 1782 2913 s.
1809 2887 1955 2922 proroget
1977 2891 2090 2913 aeuum
2117 2883 2150 2912 in
2175 2882 2222 2911 al-

384 2945 489 2972 terum
514 2943 534 2971 l.
562 2942 742 2983 (lustrum).
768 2942 854 2972 auris
879 2942 941 2972 KA
968 2943 1000 2971 in
1026 2941 1102 2971 Hor.
1129 2951 1220 2971 aures
1246 2942 1278 2971 in
1304 2942 1464 2971 lemmate.
1534 2943 1588 2981 16)
1616 2940 1768 2971 Scholion
1793 2940 1946 2970 uitiatum
1973 2940 2019 2969 sic
2044 2939 2164 2977 legitur
2188 2939 2222 2968 in

383 2998 487 3036 A‚mv.
514 2998 568 3028 afli
594 2999 734 3029 habent:
760 3000 852 3029 Finis
881 3017 919 3020 —
945 2998 1064 3037 quando
1089 2999 1234 3029 dicerent
1262 3015 1300 3019 ›-
1326 3007 1377 3037 spe
1399 3007 1431 3027 se
1456 3001 1544 3028 certa
1569 3016 1621 3027 -.
1654 2997 1760 3028 Verba
1783 3001 1816 3027 ut
1838 2996 1869 3026 in
1893 2996 1966 3026 haee
1989 2995 2083 3025 uerba
2107 2994 2222 3025 deuotio

385 3055 549 3084 solueretur
575 3056 721 3085 eicienda
745 3057 908 3092 uidentur,
936 3056 1055 3094 quippe
1082 3056 1184 3085 serius
1211 3055 1362 3091 imnissa3
1389 3058 1463 3092 post
1487 3054 1557 3084 deos
1573 3058 1692 3084 cunctos
1708 3053 1894 3091 ponendum
1914 3057 1961 3082 est
1977 3053 2111 3082 lemma:
2137 3051 2220 3081 deos-

385 3120 440 3150 que
464 3116 592 3148 cunctos,
621 3117 651 3141 et
676 3117 748 3149 post
774 3122 804 3141 11.
826 3112 1002 3150 peruenisse
1027 3113 1102 3142 hoc:
1130 3123 1161 3141 u.
1191 3113 1249 3141 74:
1275 3121 1355 3149 spem
1380 3111 1487 3140 bonam
1511 3115 1581 3140 cert.
1609 3111 1726 3140 domum
1749 3108 1886 3148 reporto]
1906 3109 2004 3146 idest,
2031 3109 2162 3139 auditos
2188 3117 2222 3137 se

386 3177 411 3198 s,
439 3178 464 3197 c.
492 3168 521 3196 d.
546 3169 678 3197 reuerti.
694 3167 735 3197 C:
764 3169 850 3198 Ordo
878 3173 943 3198 est:
972 3178 1031 3206 ego
1058 3169 1183 3206 chorus,
1210 3177 1267 3198 nos
1293 3168 1382 3205 pueri
1408 3168 1608 3205 puellaeque,
1635 3167 1760 3196 domum
1786 3175 1875 3203 spem
1892 3166 2008 3195 bonam
2026 3170 2220 3203 certamque,

386 3224 500 3254 Jouem
527 3228 558 3254 et
585 3225 660 3254 deos
686 3228 817 3253 cunctos
844 3226 923 3255 haec
948 3225 1028 3254 scire
1055 3225 1133 3254 haec
1157 3225 1251 3261 uelle,
1278 3225 1356 3253 haec
1382 3225 1516 3253 sentire.
1553 3224 1642 3253 Haec
1667 3223 1752 3252 enim
1769 3226 1837 3252 erat
1854 3222 1928 3251 finis
1947 3223 2028 3251 sacri
2054 3221 2220 3258 carminis,

387 3285 414 3310 et
438 3282 471 3310 111
497 3282 575 3310 hacc
601 3281 697 3310 uerba
722 3281 851 3311 deuotio
879 3283 1076 3317 soluebatur,
1102 3281 1221 3319 quando
1247 3281 1366 3310 diceret
1391 3280 1506 3310 chorus
1533 3280 1674 3310 omnium
1699 3279 1918 3317 praesentium
1942 3278 2080 3315 nomine,
2104 3277 2219 3308 ‹Jouem
