2170 3460
133 557 151 587 ιἾ

135 920 176 951 10

140 1652 181 1683 20

199 124 251 164 28
835 131 939 163 Aen.
965 130 1025 161 ET
1050 129 1216 163 PORPH.
1242 129 1391 163 COMM.

198 255 334 311 poetis
355 254 538 297 studium
559 253 624 304 sit,
657 253 845 295 diuersas
875 252 1033 294 insulas
1065 252 1306 308 oppidaque
1328 257 1535 294 certorum
1556 249 1775 291 numinum
1796 248 1935 304 gratia
1955 261 2024 289 ce-

197 328 362 370 lebrare
383 326 654 377 carminibus,
687 326 767 368 sibi
788 325 1008 367 Tiburtem
1040 325 1273 378 (ciuitatem
1294 340 1325 367 s.
1347 325 1564 380 regionem
1575 324 1613 379 P)
1645 336 1734 364 esse
1754 320 2023 372 laudandam,

199 402 316 443 cuius
345 401 559 456 uoluptate
578 399 770 455 capiatur
800 399 868 440 uel
898 398 1148 440 amoenitate
1179 405 1219 439 et
1234 397 1457 440 Albuneae
1477 396 1702 452 Nymphae
1733 394 1920 436 eiusdem
1949 408 2025 436 ne-

198 474 327 516 moris
364 473 494 515 uicini
531 487 635 529 agro
665 472 847 522 Tiburti,
889 471 941 512 de
979 486 1060 526 quo
1100 472 1208 526 Verq.
1241 470 1315 526 (A.
1337 470 1438 521 VII,
1470 471 1565 524 83):
1606 470 1803 524 Lucosqae
1838 468 1910 509 sub
1943 467 2025 508 alta

206 548 385 590 Consulit
415 547 608 589 Albunea.
668 544 804 586 Tibur
839 551 978 586 autem
1008 543 1224 585 Tiburnus
1261 543 1461 593 condidit,
1507 558 1531 583 a
1563 557 1644 597 quo
1675 555 1829 583 nomen
1865 540 2026 582 ciuitati

200 628 273 664 est.
332 620 420 662 Hie
457 620 533 663 fuit
572 619 682 660 filius
714 617 872 668 Catilli,
913 617 989 658 filii
1019 616 1286 672 Amphiarai,
1325 625 1367 658 ut
1407 617 1515 671 Verq.
1548 613 1622 670 (A.
1645 613 1745 664 VII,
1779 614 1901 670 672):
1948 613 2026 655 Ca-

200 696 384 750 tillusque
415 708 583 750 acerque
618 694 751 735 Coras.
813 689 900 732 Sed
930 691 1008 732 hac
1029 691 1108 731 ode
1138 689 1342 732 Plancum
1373 690 1575 739 hortatur,
1605 695 1649 729 ut
1681 702 1803 729 curas
1831 686 2027 741 uolupta-

201 767 312 809 tibus
350 767 520 817 rela-xet,
561 765 755 821 exemplo
792 764 948 806 Teucri
984 763 1234 806 Telamonii.
1296 764 1457 805 Claram
1490 763 1661 804 Rhodon
1693 769 1762 803 aul
1795 761 2023 817 Mitylenen.

200 840 444 882 Maritimae
476 838 685 882 Graeciae
716 838 918 880 ciuitates.

315 915 353 955 2.
387 914 616 955 Bimarisue
652 912 843 954 Corinthi.
906 909 1019 963 Quia
1050 917 1089 951 et
1119 909 1240 952 Ionio
1271 917 1311 951 et
1342 908 1490 964 Aegeo
1521 908 1627 949 mari
1658 907 1854 949 adluitur.

315 988 353 1028 3.
391 987 458 1027 Vel
488 986 649 1028 Baccho
692 985 850 1027 Thebas.
917 982 1037 1025 Ordo
1081 990 1161 1025 est:
1208 982 1289 1024 Vel
1332 983 1482 1025 Thebas
1529 982 1700 1036 e⁷ttszynes
1739 980 1914 1029 Baccho,
1959 980 2028 1021 uel

202 1061 377 1117 Delphos
412 1061 587 1114 inszqnes
619 1059 813 1115 Apolline.
890 1055 1009 1099 Sicut
1046 1056 1157 1097 enim
1203 1056 1316 1110 apud
1361 1054 1530 1096 Thebas
1561 1053 1791 1109 Dionysus,
1833 1053 1893 1096 sie
1923 1052 2029 1095 Del-

202 1133 298 1190 phis
328 1132 486 1189 Apollo
517 1131 679 1181 colitur,
711 1146 736 1172 a
766 1129 918 1185 quibus
947 1130 1149 1171 honorem
1180 1128 1343 1183 patriae
1373 1127 1613 1170 sortiuntur.

315 1208 354 1248 4.
390 1208 426 1248 T
424 1206 577 1247 hessale
601 1206 751 1259 Tempe.
812 1201 1102 1245 Amoenitates
1132 1201 1389 1243 Thessaliae.
1420 1201 1582 1256 Tempe
1614 1200 1726 1243 enim
1757 1199 1890 1243 tribus
1921 1199 2029 1242 easi-

203 1279 282 1322 bus
313 1279 565 1329 declinatur,
597 1277 870 1326 nominatiuo,
902 1275 1142 1318 accusatiuo
1173 1283 1211 1317 et
1242 1275 1448 1317 uocatiuo.

317 1354 354 1395 5.
386 1352 489 1395 Sunt
519 1353 660 1409 quibus
689 1365 816 1392 unum
846 1364 944 1405 opus
975 1356 1038 1391 est.
1097 1347 1166 1390 Ac
1196 1348 1230 1389 si
1261 1348 1437 1390 diceret:
1469 1363 1598 1389 unum
1629 1347 1812 1389 studium
1843 1353 1905 1389 est
1936 1361 2028 1389 eer-

202 1434 338 1469 torum
368 1424 563 1467 laudibus
593 1423 783 1466 dicendis
813 1437 986 1478 operam
1008 1422 1108 1463 dare
1134 1428 1173 1463 et
1195 1421 1346 1463 exinde
1367 1421 1547 1477 gloriam
1569 1434 1784 1475 quaerere,
1816 1420 2028 1462 laudando

202 1506 363 1541 tantum
393 1497 598 1548 Athenas,
645 1512 748 1552 quas
786 1496 952 1538 uocauit
982 1495 1129 1537 urbem
1167 1494 1402 1545 Mineruae,
1443 1494 1555 1536 uelut
1587 1493 1808 1549 proprium
1849 1493 2032 1535 ciuitatis

203 1587 368 1615 nomen.

322 1648 358 1687 6.
394 1647 578 1686 Carmine
601 1652 806 1701 perpetuo.
865 1641 953 1684 Aut
983 1657 1065 1683 uno
1096 1648 1227 1682 metro
1259 1647 1329 1682 aut
1357 1656 1440 1682 non
1462 1640 1640 1682 aliorum
1662 1640 1856 1682 laudibus
1877 1639 2031 1682 mixtis.

319 1721 356 1760 7.
387 1718 590 1773 Undique
635 1717 889 1772 decerptam.
948 1715 1016 1756 Ex
1047 1714 1241 1757 omnibus
1272 1713 1460 1755 electam.
1521 1711 1641 1755 Ordo
1674 1720 1756 1756 est:
1780 1728 2034 1771 praeponere

205 1793 335 1846 fronti
363 1792 513 1833 olz'uam
543 1791 718 1847 undique
749 1790 982 1846 decerptam.

317 1867 354 1907 9.
388 1868 535 1922 Aptam
575 1865 669 1906 dicit
699 1865 805 1919 equis
837 1865 966 1916 Arqos
1005 1862 1176 1918 (litesque
1206 1861 1408 1917 Mycenas.
1471 1859 1568 1902 Hoc
1610 1866 1690 1901 est:
1745 1858 1863 1902 Sicut
1894 1858 2031 1901 Athe-

319 1982 353 2019 2)
379 1981 529 2010 tiburtem
553 1978 676 2009 AbQGr
706 1978 808 2018 (tyb.)
834 1979 987 2007 tiburtum
1012 1977 1047 2006 lt.
1074 1978 1209 2007 tiburem
1238 1977 1264 2004 l.
1293 1976 1381 2005 tibur
1406 1975 1503 2005 Cmfh
1529 1974 1641 2014 (tybur
1668 1976 1731 2014 va).
1781 1976 1816 2015 2)
1843 1976 2035 2006 laudandam

205 2038 268 2066 1112
280 2036 334 2066 Gr.
349 2037 478 2065 laudam
492 2036 531 2065 A.
546 2036 613 2065 rell.
629 2034 828 2064 laudandam.
870 2034 904 2072 3)
920 2034 1088 2071 capiantur
1105 2032 1165 2069 Ab,
1177 2042 1200 2061 r.
1215 2032 1262 2061 uel
1278 2032 1443 2070 ARb1·2,1-,
1458 2032 1526 2062 rell.
1542 2036 1576 2061 et.
1590 2031 1644 2061 secl
1660 2032 1734 2062 Alb.
1751 2032 1817 2068 afh,
1831 2041 1861 2061 se
1875 2036 1901 2061 et
1914 2033 1976 2061 alb.
1992 2032 2032 2061 A.

207 2097 237 2123 et
253 2094 315 2123 alb.
336 2094 353 2121 ‘2
368 2102 397 2121 se
411 2092 472 2121 alb.
491 2092 526 2121 1³..
544 2091 596 2120 sed
612 2095 638 2120 ec
654 2091 717 2120 alb.
747 2090 804 2125 1G,
816 2100 845 2119 v.
860 2099 912 2119 nec
930 2100 987 2119 nou
1006 2089 1079 2118 Alb.
1100 2088 1135 2118 C.
1170 2088 1204 2126 3)
1226 2088 1422 2127 eiusdemque
1442 2088 1538 2125 Al‚r.
1557 2089 1689 2126 eiusque
1702 2088 1736 2118 R.
1753 2089 1897 2118 eiusdem
1910 2087 2032 2118 mvafh.

207 2150 242 2188 4)
267 2149 367 2178 uicini
393 2158 429 2177 ac
454 2157 506 2177 ear
532 2146 610 2186 (sie)
636 2147 736 2177 tiburi
762 2146 801 2175 A.
827 2147 890 2175 uici
916 2155 952 2174 ae
976 2146 1085 2184 tyburi
1111 2155 1134 2173 r.
1162 2145 1287 2174 uicinae
1313 2154 1349 2173 ac
1374 2145 1473 2173 tiburi
1498 2145 1529 2173 b.
1555 2145 1655 2173 uicini
1683 2146 1821 2174 nemoris
1846 2145 1920 2174 deae
1945 2144 2033 2173 unde

206 2205 296 2243 Virg.
323 2204 359 2235 C.
387 2205 485 2233 uicini
519 2203 649 2233 tiburtis
684 2205 711 2232 1.
739 2203 838 2231 uicini
871 2201 973 2231 tiburi
997 2202 1026 2230 2.
1054 2201 1113 2230 uic.
1145 2210 1180 2229 (ω
1206 2200 1332 2240 tyburis
1357 2209 1406 2228 va.
1440 2209 1475 2228 ac
1499 2200 1627 2229 Tiburis
1652 2200 1687 2229 fh
1713 2200 1883 2240 (Tiberis).
1931 2200 2034 2230 Edidi

206 2261 299 2290 uicini
321 2270 396 2300 (tyro
427 2259 550 2295 Tiburti,
578 2269 632 2297 per
657 2259 895 2296 compendium:
935 2258 1033 2286 uicini
1061 2266 1112 2295 ag.
1138 2257 1264 2286 tiburti.
1291 2256 1456 2293 Luc-usque
1474 2255 1596 2292 Altus.
1647 2257 1682 2295 5)
1708 2256 1868 2287 Tiburnus
1887 2255 2033 2293 ARblG,

207 2318 275 2346 rell.
303 2317 455 2345 Tiburtus
480 2325 504 2344 s,
530 2315 697 2354 Tyburtus
723 2313 821 2353 (rva).
869 2314 917 2343 Dc
943 2313 1085 2343 Tiburno
1111 2312 1194 2341 conf.
1222 2312 1317 2350 Vcrg.
1342 2311 1382 2341 A.
1400 2312 1455 2348 XI,
1483 2313 1544 2341 519
1572 2317 1603 2342 et¹
1628 2312 1697 2350 vn,
1725 2314 1786 2342 1371
1815 2323 1886 2342 cum
1911 2313 2033 2352 Heynii

209 2382 278 2402 cxc.
304 2372 377 2402 VIII
405 2382 434 2410 p.
467 2372 525 2401 131
552 2376 581 2401 et
609 2371 691 2401 Stat.
716 2369 839 2407 Silu.1,
865 2372 894 2407 3,
924 2371 973 2399 74.
1035 2370 1068 2408 5)
1095 2369 1239 2398 ciuitatis
1264 2369 1293 2398 b.
1354 2369 1388 2406 6)
1415 2368 1526 2406 catylli
1552 2377 1580 2403 a,
1617 2369 1727 2398 catulli
1755 2370 1785 2406 b,
1823 2370 1891 2398 rell.
1918 2369 2031 2399 catilli.

208 2429 288 2459 conf.
315 2438 408 2458 carm.
436 2428 459 2465 Ι,
490 2429 541 2464 18,
568 2429 597 2457 2.
659 2427 693 2465 (5)
720 2427 858 2466 :unslarai
887 2426 925 2454 A.
951 2436 1045 2455 corax
1070 2424 1198 2460 RCrva,
1236 2424 1303 2453 rell.
1330 2432 1426 2453 coras.
1475 2424 1510 2462 8)
1537 2425 1597 2453 eiu.
1623 2429 1691 2453 sunl
1719 2426 1727 2453 1
1758 2430 1787 2454 et
1815 2425 1886 2454 edd.
1913 2435 2033 2456 omnes.

212 2487 266 2524 10)
292 2485 429 2514 abluitur
454 2484 488 2519 R,
500 2494 544 2513 ra.
598 2484 652 2522 11)
683 2482 764 2513 Ordo
821 2500 827 2502 -
859 2481 995 2520 Apolline
1018 2491 1076 2510 om.
1104 2481 1142 2510 A.
1195 2482 1248 2520 12)
1277 2480 1360 2509 Sicut
1385 2480 1470 2508 enim
1489 2479 1616 2509 Alfflh·
1641 2480 1716 2518 (om.
1743 2481 1854 2520 enim).
1881 2481 1923 2512 sic
1949 2483 2034 2512 enim

209 2539 287 2571 Cva.
312 2545 344 2570 ul
368 2541 450 2570 enim
478 2539 521 2569 fh.
548 2539 709 2578 Dionysus
734 2538 772 2574 A,
799 2539 867 2568 rell.
895 2537 1087 2576 l)ionyslu<,
1122 2537 1152 2566 id
1185 2537 1268 2574 quod
1302 2537 1375 2565 item
1403 2536 1519 2566 salsum
1545 2541 1593 2566 est
1620 2536 1684 2566 Cic.
1713 2537 1751 2566 N.
1779 2538 1818 2567 D.
1845 2538 1903 2574 ΙΙΙ,
1930 2539 1969 2567 21
1998 2542 2034 2568 ut

208 2598 330 2626 Ausou.
357 2597 467 2635 Epigr.
494 2598 523 2625 4.
578 2596 630 2634 13)
656 2596 730 2625 hou.
757 2599 783 2623 cl
807 2599 888 2632 patr.
908 2594 1034 2631 Itum,
1060 2598 1087 2622 el
1112 2593 1184 2621 lion.
1213 2592 1291 2628 msh,
1320 2596 1347 2621 cl
1369 2601 1429 2622 om.
1450 2592 1550 2629 A,va.
1577 2602 1595 2621 a
1619 2594 1735 2631 quibus
1761 2593 1849 2623 eciam
1873 2595 1941 2624 loca
1967 2604 2034 2624 sor-

207 2654 332 2682 tiuntur
363 2653 496 2681 honores·
523 2650 558 2682 C.
612 2651 666 2689 14)
694 2651 893 2679 amenitatem
919 2650 992 2678 Aln-
1017 2649 1171 2687 (amucn.)
1203 2649 1270 2677 rell.
1303 2648 1516 2677 amoenitates.
1568 2650 1623 2688 15)
1652 2650 1851 2680 declinantur
1879 2649 2033 2689 1G,rmv.

209 2709 390 2738 declinatur
409 2708 536 2743 lta-afli.
556 2707 602 2737 Ad
628 2716 693 2737 rem
712 2707 845 2745 pluralis
865 2707 895 2735 111
923 2716 981 2735 usu
1001 2711 1078 2735 crat.
1117 2711 1149 2735 ut
1173 2704 1242 2733 Liu.
1260 2704 1371 2740 XLIV,
1391 2705 1443 2740 til,
1470 2705 1509 2733 ad
1528 2706 1658 2735 uerbum
1684 2707 1871 2744 singularis.
1925 2707 1980 2746 16)
2007 2707 2033 2736 si

210 2765 341 2799 diecret,
374 2773 434 2793 om.
460 2774 497 2793 ac
523 2764 561 2792 Λ.
596 2774 691 2793 unum
719 2767 758 2792 st.
783 2766 831 2792 cst
862 2762 1029 2800 aliquorum
1054 2761 1091 2797 G,
1118 2762 1191 2790 hinc
1224 2761 1336 2797 scripsi
1369 2764 1528 2797 certorum,
1567 2763 1683 2799 quippe
1713 2772 1794 2800 quae
1819 2772 1884 2792 uox
1909 2766 2035 2792 mutata

210 2821 284 2849 sede
310 2820 436 2857 alioque
462 2828 538 2848 casu
563 2820 669 2857 paullo
696 2820 831 2849 inferius
858 2820 889 2848 in
916 2818 1004 2847 codd.
1025 2822 1055 2847 ct
1081 2818 1150 2846 cdd.
1181 2818 1326 2847 occurrit.
1380 2816 1433 2854 17)
1459 2816 1532 2845 darc
1557 2821 1650 2847 certos
1675 2823 1701 2848 et
1724 2819 1828 2848 atinde
1853 2818 2033 2860 A⁴sRG‚va.

209 2880 312 2906 certos
339 2876 456 2904 exinde
482 2874 558 2912 (om.
587 2877 634 2913 et)
661 2876 722 2904 bm.
741 2879 844 2905 certos
861 2884 891 2904 se
910 2874 983 2903 inde
1007 2872 1052 2903 fh.
1107 2874 1160 2911 19)
1187 2882 1297 2902 nomeu
1330 2875 1443 2912 scripsi
1459 2874 1645 2909 cumAb,a.
1673 2875 1741 2904 rell.
1771 2885 1894 2905 numen.
1914 2875 2033 2913 proprii

210 2933 271 2961 eiu.
300 2930 444 2965 numinis,
471 2931 562 2967 male,
590 2941 660 2960 nam
687 2941 756 2960 cum
783 2932 822 2961 de
846 2931 1037 2961 ciuitatibus
1063 2930 1191 2958 omuino
1218 2934 1249 2958 et
1276 2935 1385 2959 nostro
1411 2931 1477 2959 lot-o
1503 2931 1541 2960 de
1566 2932 1642 2960 urbe
1660 2930 1825 2960 Mineruae
1850 2940 1952 2960 sermo
1977 2931 2033 2968 sit,

211 2997 274 3017 non
302 2996 416 3016 numen
443 2987 497 3016 sed
525 2996 635 3016 nomen
661 2988 830 3017 dicendum
857 2991 916 3016 est.
944 2986 1021 3016 velut
1043 2996 1102 3016 om.
1129 2995 1191 3014 mv.
1241 2986 1298 3024 22)
1324 2985 1455 3015 electam
1472 2985 1511 3017 A.
1540 2986 1703 3016 collectam
1729 2988 1795 3017 rell.
1827 2986 1907 3017 Orclo
1930 3005 1964 3008 —
1984 2987 2034 3017 cle-

211 3048 324 3083 ceptam
347 3053 406 3072 om.
426 3042 466 3073 A.
518 3044 574 3082 23)
600 3043 729 3072 Lemma
756 3044 786 3072 iu
806 3043 852 3072 A:
879 3043 1032 3072 Plurimus
1052 3059 1089 3062 —
1116 3051 1189 3080 myc.
1217 3041 1292 3070 hinc
1317 3041 1378 3070 duo
1405 3041 1526 3071 scholia
1551 3042 1657 3071 sedem
1682 3046 1849 3074 mutarunt
1876 3048 1908 3074 et
1937 3047 2035 3074 autem

213 3104 261 3131 est
293 3103 366 3139 post
391 3103 492 3138 aptum
518 3100 550 3130 iu
576 3098 773 3136 Itum-mvn.
801 3099 910 3129 Potest
947 3100 1076 3129 laudant
1106 3103 1136 3128 ct
1171 3098 1276 3127 laudat
1305 3098 1410 3128 scribi.
1442 3098 1570 3128 laudari
1593 3100 1626 3128 in
1652 3099 1744 3129 libris
1771 3103 1830 3130 est.
