2283 3535
770 194 816 224 IN
837 193 979 226 CARM.
1006 194 1066 231 111,
1094 198 1145 226 26.
1173 198 1224 226 27,
1825 188 1904 228 361

197 316 234 356 3.
265 316 305 355 4.
338 315 606 368 clefwzclumq.
645 315 689 355 B.
721 315 753 355 Ι).
813 313 1063 356 Perseuerat
1094 316 1136 355 in
1168 316 1371 370 allegoria
1403 319 1635 371 defunctum
1673 319 1770 361 bello
1802 321 1906 361 bar-

84 389 189 429 bv'lon
220 386 411 437 dicendo,
457 386 708 441 significans,
755 402 918 428 amores
950 403 1045 429 suos
1076 402 1118 428 sc
1150 387 1314 428 barbito
1347 389 1560 440 cecinisse,
1607 392 1718 445 quod
1748 400 1808 433 est
1839 407 1906 433 or-

83 460 183 516 gani
214 474 359 516 genus.

195 534 353 575 laeuum
385 548 434 574 m.
465 548 497 588 q.
540 534 575 574 Γ.
607 534 632 574 l.
667 548 697 574 c.
772 531 1076 574 Consecratum
1107 533 1265 575 Veneri
1298 534 1491 576 barbiton
1536 537 1790 590 suspendere
1824 537 1905 594 [in]

81 607 236 662 templo
269 607 357 648 cius
387 606 486 647 dicit
518 606 560 646 in
592 605 795 660 parictem
827 606 1053 648 sinistrum.

225 683 261 721 7.
293 681 358 721 hic
389 681 451 721 hie
478 681 610 735 ponite
642 681 666 720 l.
697 680 725 733 s.
757 696 786 720 e.
822 696 858 721 u.
890 696 920 721 e.
951 695 987 720 α.
1027 695 1112 736 opp.
1145 682 1173 734 f.
1223 682 1398 722 minacis.
1472 680 1593 722 Hace
1635 681 1909 723 instrumenta

82 753 236 795 amoris
267 752 454 808 intellegi
485 752 584 793 uult.

196 828 258 867 10.
292 835 327 867 et
355 826 582 882 Memphim.
615 840 644 866 e.
676 826 772 866 Se'llz.
805 840 843 866 η.
917 825 1132 880 Memphis
1163 826 1205 866 in
1238 826 1437 882 Aegypto
1470 828 1618 869 ciuitas
1661 836 1735 878 est,
1783 844 1906 883 quam

81 899 228 941 merito
259 913 400 941 carere
430 898 528 939 niue
559 898 672 947 dicit,
707 898 805 952 quia
836 898 879 938 in
917 897 1117 954 Aegypto
1156 914 1383 953 numquam
1424 908 1482 941 est
1522 901 1607 951 nix,
1647 901 1740 943 ideo
1782 902 1907 942 calidi

80 973 188 1014 aeris
219 979 291 1014 est.
353 971 519 1013 Sithoni
551 979 687 1013 autem
710 971 897 1013 Thraces
920 980 1026 1022 sunt,
1058 972 1130 1013 ubi
1152 973 1224 1012 nix
1246 973 1374 1013 multa
1396 981 1469 1023 est,
1501 975 1611 1015 unde
1644 974 1726 1015 κατ’
1760 975 1906 1030 ἐξοχὴν

83 1047 304 1088 ΞῖΙΙὶοηῖαηι
335 1047 464 1087 m'uem
499 1045 615 1086 dixit.

197 1121 259 1160 11.
292 1120 456 1161 sublime*
479 1119 519 1175 sl.
551 1127 574 1159 t.
609 1119 674 1160 Cle.
706 1134 736 1159 s.
768 1119 855 1159 adr.
930 1119 1102 1160 Sublimi
1124 1119 1280 1174 sla-(selle
1311 1119 1335 1159 i.
1368 1134 1402 1160 e.
1435 1119 1477 1159 in
1509 1120 1637 1161 altum
1669 1120 1907 1170 subleuato3

81 1192 159 1234 hoe
191 1192 301 1233 enim
333 1192 389 1241 fit,
436 1206 529 1232 cum
562 1191 653 1246 quis
685 1191 971 1233 uehementius
1002 1192 1102 1232 uelit
1136 1199 1366 1246 percutere.
1427 1191 1528 1234 Vult
1561 1202 1698 1234 autem
1731 1192 1907 1244 Chloen,

80 1265 193 1320 quod
224 1265 276 1307 sit
306 1265 517 1320 adrogans
549 1271 588 1305 et
634 1264 815 1320 superba
860 1265 1112 1315 amantibus,
1159 1265 1323 1320 percuti
1360 1265 1427 1306 uel
1464 1281 1548 1307 una
1587 1267 1741 1308 amoris
1781 1267 1909 1322 plaga

79 1353 103 1379 a
133 1338 301 1381 Venere
333 1338 482 1394 (plaga
511 1339 757 1380 uehemente
778 1339 828 1393 Ρ).

708 1486 1026 1541 CARMEN
1067 1487 1172 1555 ΠΙ,
1214 1491 1295 1541 27.

896 1597 1085 1641 ACRON.

192 1696 337 1751 Impz'os
365 1710 404 1750 p.
435 1710 470 1737 r.
530 1693 727 1735 Amicam
758 1707 936 1749 peregre
968 1693 1259 1747 profiscentem
1282 1694 1438 1736 inuitus
1462 1695 1674 1737 dimittens
1696 1696 1826 1746 timet,
1858 1711 1909 1737 ne

78 1767 200 1809 malis
231 1775 382 1824 pergat
412 1768 625 1823 auspiciis,
658 1774 698 1808 et
728 1774 856 1821 optat,
888 1773 932 1806 ut
962 1766 1082 1821 impii
1115 1767 1253 1822 potius
1287 1783 1412 1822 quam
1443 1768 1535 1823 ipsa
1559 1770 1737 1824 augurio
1759 1784 1910 1825 parrae

79 1841 169 1882 auis
189 1841 258 1882 uel
280 1848 552 1891 caeterorum,
585 1855 692 1896 quae
714 1839 879 1890 subicit,
912 1840 1242 1894 proficiscantur.
1302 1841 1360 1881 Et,
1389 1856 1465 1896 per
1496 1842 1621 1883 istam
1658 1857 1911 1885 commemo-

78 1915 282 1956 rationem
323 1915 508 1956 ominum
550 1914 824 1956 aduersorum
864 1913 1011 1954 nititur
1049 1927 1141 1954 eam
1178 1913 1231 1954 ab
1270 1913 1419 1956 itinere
1456 1929 1655 1957 reuocare
1694 1916 1909 1971 disposito.

78 1988 237 2045 Impios.
293 1987 447 2030 Malos.

190 2064 227 2104 3.
260 2077 377 2104 ἰἀῖιιι.
452 2061 541 2103 Aut
572 2062 710 2103 colore
741 2060 957 2102 oculorum
989 2066 1122 2111 torua,
1173 2068 1242 2102 aut
1274 2076 1375 2103 uoce
1407 2077 1491 2103 non
1523 2062 1648 2112 clara,
1696 2070 1767 2103 aut
1798 2070 1909 2104 certe
1937 2077 1974 2104 -ῖ

81 2134 242 2176 rabida.
274 2135 288 2191 Η
320 2136 454 2177 Rana.
514 2134 551 2175 F
555 2135 653 2176 ulua
684 2134 771 2175 siue
803 2132 1018 2188 subnigra,
1066 2142 1137 2175 aut
1180 2150 1307 2176 rauca
1351 2135 1376 2176 i.
1409 2149 1442 2176 e.
1489 2135 1691 2177 obtunsae
1735 2136 1862 2178 uocis.
1896 2136 1910 2191 Η

81 2208 225 2252 Raetus
259 2207 409 2266 [enim]
443 2208 557 2250 color
587 2207 741 2250 dicitur
770 2207 893 2263 niger
922 2206 1076 2249 mixtus
1108 2223 1202 2249 cum
1232 2208 1359 2250 fuluo.

196 2341 228 2380 1)
256 2342 421 2380 allegoria.
469 2341 663 2371 Defunctum
700 2341 777 2380 (sic)
816 2342 900 2371 bello
936 2340 1109 2380 Barbitou]
1153 2341 1278 2374 Quando
1316 2342 1449 2380 signans
1486 2352 1546 2372 am.
1583 2342 1663 2371 vfha
1700 2343 1908 2382 (aliquando).

80 2398 237 2427 barbitlon
270 2398 313 2427 M.
352 2399 487 2428 dicendo
523 2396 709 2435 MARQG?
720 2398 790 2436 Q)r.
850 2398 886 2435 4)
911 2397 1037 2427 ueneris
1061 2398 1219 2427 barbitton
1245 2398 1288 2426 M.
1351 2399 1384 2437 5)
1412 2400 1567 2435 parietem
1594 2400 1761 2428 sinistrum
1785 2399 1850 2428 RA.
1878 2401 1910 2428 in

82 2455 186 2491 paria:
219 2454 316 2492 felem
353 2455 521 2484 sinistrum
553 2454 597 2483 M.
634 2459 666 2483 ut
696 2458 786 2492 parte
812 2455 947 2484 sinistra
971 2464 996 2483 r.
1034 2454 1104 2483 rell.
1144 2454 1174 2482 in
1212 2458 1302 2492 parte
1342 2455 1483 2484 sinistra.
1546 2455 1580 2493 8)
1608 2456 1747 2484 memfim
1773 2456 1816 2484 M.
1870 2473 1910 2477 Ἀ

80 2510 202 2539 memfis
229 2511 262 2539 in
277 2510 379 2548 aegip.
405 2510 448 2539 M.
498 2511 532 2549 9)
559 2511 656 2539 calidi
682 2511 766 2539 aeris
792 2513 841 2539 est
866 2510 968 2539 MRA.
994 2510 1140 2539 callidior
1165 2511 1222 2547 2,1·.
1250 2512 1305 2540 rel.
1332 2511 1461 2540 calidior
1486 2516 1542 2541 est.
1561 2529 1600 2532 ff*
1616 2513 1675 2540 nix
1701 2522 1763 2541 niu.
1791 2516 1842 2541 est¹
1866 2511 1909 2540 M.

81 2576 143 2595 mu.
172 2570 219 2595 est
244 2568 304 2595 nix
331 2568 358 2595 2.
386 2570 434 2596 est
459 2576 519 2596 om.
546 2564 650 2596 rvafh.
705 2567 759 2604 12)
786 2567 896 2605 adrog.
922 2567 956 2595 M
983 2566 1075 2606 (bis).
1101 2585 1143 2587 —
1169 2568 1202 2596 in
1228 2577 1286 2596 om.
1315 2568 1343 2596 2.
1370 2569 1403 2596 in
1440 2568 1504 2597 alto
1542 2569 1708 2597 subleuato
1734 2567 1910 2605 MR2‚1·vQ.

82 2620 163 2662 (GP)
192 2623 223 2652 in
259 2623 350 2651 altum
385 2623 550 2651 subleuato
577 2632 604 2651 a.
631 2622 705 2654 Aer.
734 2628 764 2652 et
792 2622 833 2652 C:
873 2624 907 2652 in
943 2624 1040 2652 altum
1074 2622 1198 2653 sublato.
1238 2623 1278 2653 cf.
1306 2624 1546 2662 Dillenburger.
1574 2624 1635 2659 Qu.
1662 2624 1741 2653 Hor.
1767 2626 1818 2653 91.
1869 2642 1911 2644 —

86 2688 167 2717 quae
194 2680 222 2707 2.
275 2680 329 2717 14)
357 2679 453 2717 plaga
478 2688 593 2708 uenere
618 2679 663 2716 M,
690 2689 749 2708 om.
776 2689 804 2708 a.
830 2681 1014 2709 amantibus
1040 2681 1090 2709 uel
1116 2690 1146 2709 u.
1173 2689 1201 2709 a.
1227 2681 1268 2718 pl.
1295 2691 1313 2710 a
1337 2681 1461 2710 Venere
1482 2681 1602 2719 percuti
1617 2681 1682 2710 afh.
1717 2681 1777 2710 Pro
1802 2682 1911 2710 Venere

83 2736 223 2765 scribere
247 2735 413 2765 vehemente
437 2745 500 2765 non
527 2736 672 2773 ineptum
699 2740 747 2765 est
773 2737 845 2765 ideo
871 2738 954 2774 quod
978 2736 1084 2766 Acron
1105 2736 1199 2775 φάῑιί
1221 2737 1329 2767 habet.
1358 2737 1397 2766 cf.
1425 2736 1459 2766 C.

194 2791 352 2821 ACRON.
400 2792 453 2821 Ad
489 2793 672 2830 galatheam
708 2793 895 2830 ypothetice
932 2793 960 2821 A
987 2792 1110 2832 (How).
1149 2794 1364 2831 propemptice
1401 2794 1573 2823 tetracolos
1600 2793 1628 2821 A
1663 2793 1768 2832 (Aer.)
1818 2795 1911 2824 Pros-

82 2849 253 2887 phonetice
279 2849 320 2878 ad
346 2849 531 2887 galatheam
557 2850 606 2878 sui
631 2859 690 2878 non
716 2859 785 2878 esse
810 2849 841 2878 ἐπ
866 2859 1036 2880 memorem
1060 2850 1107 2891 γΙ)
1135 2850 1282 2888 (ς’(ιίιιίῶ.
1337 2850 1472 2887 Prosph.
1511 2850 1552 2878 ad
1589 2849 1722 2887 galathe.
1760 2852 1810 2879 sui
1847 2860 1911 2880 non

84 2915 152 2934 esse
177 2914 346 2935 memorem
372 2905 467 2935 Bcrn.
496 2904 520 2934 C
545 2906 565 2934 b
592 2905 781 2943 (galateam)
808 2923 846 2926 m
875 2924 917 2926 —
944 2906 1115 2944 galatheam
1150 2924 1178 2926 ἡ
1209 2923 1249 2926 ἢ
1274 2905 1366 2948 ΒφΕ.
1415 2906 1466 2934 Ad
1490 2905 1631 2943 galathea
1655 2907 1843 2944 ypothetice
1870 2906 1910 2935 H.

82 2962 133 2991 Ad
158 2963 316 3000 galateam
333 2962 372 2991 K.
400 2962 472 2991 Par.
501 2961 537 2991 C.
563 2962 699 3000 Prosph.
725 2962 764 2991 ad
791 2963 976 3000 galatheam
1002 2962 1129 2992 (amicam
1154 2963 1201 2990 sui
1230 2971 1292 2991 non
1317 2970 1489 2991 memorem
1513 2962 1554 2991 R⁵
1572 2962 1664 2991 Fran.
1682 2972 1743 2991 om.
1763 2964 1910 2992 amicam.

85 3017 153 3047 Ode
178 3018 333 3048 LXXXV.
361 3018 397 3047 R.
459 3019 513 3053 23)
540 3018 638 3048 Posui
663 3018 791 3047 ominum
815 3028 870 3056 pro
895 3018 1032 3047 omm'wn.
1061 3018 1099 3047 cf.
1127 3028 1156 3047 u.
1186 3018 1223 3046 12
1251 3021 1281 3046 et
1320 3027 1415 3056 supra
1439 3018 1463 3055 I,
1492 3019 1521 3056 2,
1552 3019 1578 3047 1.
1604 3036 1646 3039 —
1672 3019 1708 3048 it.
1735 3028 1801 3048 reu.
1828 3020 1910 3056 disp.

83 3074 275 3115 Ayb‚R12‚r.
303 3074 513 3113 (proposito).
541 3075 609 3104 rell.
635 3084 701 3103 reu.
727 3075 765 3104 ab
791 3076 826 3104 it.
853 3075 936 3113 disp.
966 3076 1133 3113 (instituto
1159 3073 1209 3113 C).
1237 3075 1312 3103 uide
1344 3075 1410 3105 sch.
1437 3084 1465 3103 u.
1493 3076 1521 3103 5.
1561 3075 1674 3104 nititur
1699 3085 1757 3105 om.
1782 3077 1813 3105 b.
1839 3085 1909 3113 pro-

86 3130 248 3159 ficiscatur
272 3131 307 3160 R.
333 3132 434 3161 malos
461 3131 504 3169 gl.
530 3131 587 3172 Αγ.
612 3131 683 3160 rell.
710 3141 770 3160 om.
798 3132 953 3160 obtunsae
977 3132 1028 3173 γΙ),
1055 3132 1119 3160 obt.
1145 3140 1213 3160 uoc.
1239 3131 1367 3172 “sbR2712
1395 3131 1464 3161 rell.
1492 3140 1558 3160 uoc.
1585 3132 1650 3161 obt.
1713 3131 1770 3170 25)
1794 3131 1846 3160 uel
1871 3131 1910 3160 ab

86 3186 248 3216 oculorum
273 3186 375 3216 colore
399 3186 448 3216 uel
471 3187 599 3217 crinium
625 3186 660 3216 C.
710 3187 766 3226 27)
793 3188 878 3217 enim
903 3198 964 3218 om.
990 3188 1039 3229 γ2.
1089 3186 1178 3217 Libri
1204 3191 1336 3217 tuentur
1362 3188 1440 3216 haec
1459 3187 1604 3217 diuersae
1622 3188 1756 3226 originis
1775 3187 1910 3217 scholia.

1937 980 1974 1010 10

1937 1709 1977 1740 ‘20
