2283 3535
847 228 894 259 IN
921 228 1064 260 cmm.
1092 228 1150 259 IV.
1177 232 1206 259 8.
1850 219 1929 257 411

227 353 291 392 29.
325 353 433 393 caelo
465 366 512 392 m.
546 352 579 392 b.
641 349 762 392 Caeli
793 350 1056 404 possessione
1088 349 1255 390 beatum
1286 350 1386 390 facit
1407 350 1432 390 i.
1456 364 1488 391 c.
1513 351 1648 392 reddit
1681 350 1937 392 carminibus

112 424 442 466 memorabilem.

224 500 279 539 sic
308 499 420 539 Jow's
450 499 472 538 τ’.
550 495 820 538 Carminibus
852 502 1068 551 poctarum
1100 503 1139 536 et
1177 495 1359 550 ingeniis
1399 496 1517 537 fortis
1554 496 1762 538 Hercules
1801 497 1937 539 nomi-

111 577 233 612 natur
264 571 427 612 ilmctus
459 570 664 612 conuiuiis
696 570 881 611 deorum.

224 645 288 684 31.
323 645 479 685 clarum
516 645 558 685 T.
591 660 620 683 s.
696 642 916 684 Castorem
947 648 985 683 et
1016 641 1233 684 Pollucem
1265 641 1380 692 dicit,
1427 657 1604 696 quorum
1635 643 1935 697 nauigantibus

114 717 279 758 salubre
311 717 425 758 sidus
456 715 713 757 carminibus
744 722 1010 756 memoratur.

227 790 311 846 [32.
343 805 510 846 quassas
526 805 580 831 er.
643 788 915 830 Carminibus
948 795 1165 843 poetarum
1197 788 1502 843 dignoscuntur
1534 786 1686 829 Castor
1717 795 1757 829 et
1786 788 1937 830 Pollux

112 878 201 905 esse
233 862 334 919 dei.]

224 938 288 977 34.
325 937 440 978 Liber
471 945 563 978 uota
595 937 714 978 bonos
747 937 783 977 d.
821 937 874 977 ml
911 951 972 977 em.
1049 935 1124 991 [Et
1163 937 1218 976 sic
1249 951 1273 976 a
1311 934 1632 991 superioribus]
1707 934 1795 976 Aut
1837 935 1938 975 deus

112 1009 369 1051 carminibus
400 1010 532 1051 sactus
564 1015 794 1064 poetarum,
827 1016 895 1049 aut
926 1009 1066 1060 felicia
1097 1008 1256 1050 faciens
1286 1015 1382 1049 uota
1414 1008 1687 1063 precantium.

844 1138 1020 1181 PORPH
1027 1138 1204 1182 YRION.

227 1231 428 1272 Donarem
452 1247 495 1287 p.
525 1246 562 1285 (Ι.
594 1230 818 1271 emnmodis.
888 1228 984 1269 Hac
1015 1229 1092 1270 ode
1124 1228 1295 1278 indicat,
1329 1228 1409 1269 sibi
1446 1228 1639 1268 faultates
1679 1234 1815 1268 tantas
1854 1242 1938 1269 non

111 1317 200 1345 esse
230 1311 273 1344 ut
304 1303 434 1358 possit
465 1303 629 1358 phialas
662 1309 701 1343 et
730 1302 813 1342 alia
845 1302 1029 1357 pretiosa
1050 1302 1222 1352 donare,
1256 1301 1341 1351 sed,
1375 1302 1487 1356 quod
1508 1305 1639 1341 maius
1662 1308 1735 1351 est,
1768 1315 1939 1342 carmen

111 1391 152 1418 se
187 1375 419 1418 Censorino
450 1376 610 1431 largiri.
671 1374 840 1416 Deinde
871 1375 1055 1429 praefert
1085 1375 1273 1416 carmina
1303 1374 1497 1416 omnibus
1529 1374 1701 1415 diuitiis.

224 1451 260 1490 G.
311 1451 423 1500 Quas
469 1458 539 1490 aut
584 1448 832 1490 Parrhasius
870 1449 1041 1504 protulit
1085 1456 1156 1489 aut
1203 1450 1364 1504 Scopas.
1453 1448 1703 1489 Parrhasius
1756 1445 1937 1487 Athenis

111 1522 448 1577 (AtheniensiSP)
494 1521 630 1577 pictor
666 1522 803 1563 clarus
842 1521 931 1563 fuit.
1008 1523 1158 1576 Scopas
1196 1522 1448 1576 γλυφοποιὸς
1492 1520 1939 1576 (μαρμαρνίλυφεὺςῖ)

109 1596 135 1637 1.
166 1611 200 1637 e.
233 1596 448 1637 sinnorum
478 1609 760 1636 marmoreum
791 1595 989 1650 sculptor.

223 1671 260 1711 8.
292 1669 432 1711 sollers
462 1684 500 1710 n.
533 1670 568 1710 Ιι.
595 1683 745 1724 ponere
775 1683 813 1709 n.
848 1669 884 1709 d.
950 1670 1101 1710 Ponere
1130 1683 1242 1710 nunc
1273 1668 1525 1710 constituere
1556 1682 1605 1709 ac
1635 1668 1808 1723 fingere.

225 1744 261 1784 9.
294 1743 362 1784 sed
391 1757 429 1783 η.
463 1743 498 1782 Ιι.
531 1757 580 1783 m.
612 1756 652 1782 u.
712 1741 972 1783 Diuitiarum
1004 1740 1176 1783 scilicet.

223 1831 302 1857 non
335 1817 406 1858 tibi
434 1824 457 1857 l.
488 1830 522 1856 r.
554 1831 581 1856 e.
615 1831 649 1855 a.
683 1831 719 1856 α.
752 1815 989 1857 (ἰεῖίοίανψη
1020 1831 1076 1870 eq.
1140 1813 1299 1856 Sensus
1331 1822 1413 1856 est:
1446 1829 1524 1856 nec
1555 1829 1634 1869 ego
1666 1814 1771 1855 haec
1791 1813 1941 1869 largiri

110 1903 292 1944 possum,
324 1903 414 1938 nec,
446 1888 480 1930 si
511 1902 691 1944 possem,
722 1896 766 1929 tu
797 1903 845 1929 ea
876 1888 1150 1930 desiderares.
1183 1888 1282 1942 quia
1313 1888 1500 1929 carmina
1531 1887 1607 1928 tibi
1639 1887 1798 1928 diuitiis
1832 1887 1941 1943 [om-

109 1962 252 2019 nibus]
286 1962 472 2018 gratiora
503 1953 609 2004 sunt.

225 2038 289 2077 12.
324 2051 443 2077 carm.
469 2052 511 2092 p.
544 2037 579 2077 d.
612 2052 641 2077 e.
674 2052 716 2091 p.
756 2037 791 2077 (Ι.
828 2038 996 2077 mmzerc'.
1064 2035 1114 2075 Id
1156 2042 1230 2085 est,
1269 2034 1501 2084 ostendere,
1545 2049 1670 2088 quam
1709 2033 1941 2089 pretiosum

111 2124 261 2150 munus
292 2109 343 2150 sit
375 2124 555 2151 carmen.

225 2184 289 2224 13.
320 2197 399 2224 ‘non
430 2184 454 2223 τ’.
485 2197 524 2224 η.
545 2198 595 2223 m.
612 2199 653 2238 J)-
678 2199 721 2239 Ρ.
754 2197 787 2237 q.
818 2198 847 2223 s.
880 2198 910 2223 e.
944 2197 981 2222 u.
1013 2197 1046 2223 r.
1079 2183 1112 2223 b.
1173 2181 1258 2222 Per
1294 2196 1398 2236 quos
1428 2181 1570 2222 titulos
1602 2180 1835 2222 consecrati
1866 2180 1939 2220 de-

109 2255 240 2297 functi
271 2256 398 2298 duces
429 2256 641 2311 quondam
672 2255 1013 2297 inmortalitatem
1044 2261 1367 2309 consequuntur.

226 2377 259 2415 1)
287 2378 526 2407 memorabilem
551 2387 633 2407 omn.
660 2378 742 2409 libri.
770 2378 985 2407 immortalem
1011 2376 1050 2412 Q.
1112 2376 1148 2415 4)
1173 2377 1360 2406 coniunctus
1387 2387 1410 2406 r.
1438 2377 1540 2414 epulis.
1568 2377 1726 2406 conuiuiis
1753 2376 1885 2405 deorum
1912 2376 1940 2403 2.

113 2433 148 2472 6)
174 2437 329 2472 utrumque
354 2435 454 2463 salub.
482 2435 512 2463 2,
541 2452 581 2455 --
607 2438 799 2463 memoratur
823 2437 876 2463 mcc
899 2433 954 2463 fel.
982 2433 1024 2463 fa.
1052 2444 1101 2463 110.
1129 2435 1338 2471 precantium.
1365 2434 1401 2462 R.
1428 2437 1642 2463 memorantur
1664 2433 1708 2461 fh.
1738 2431 1781 2466 Q:
1810 2432 1942 2470 “Neque

112 2490 145 2518 in
178 2490 234 2519 hoc
264 2499 366 2528 neque
397 2492 430 2519 in
451 2500 516 2528 seq.
543 2491 608 2519 sch.
636 2491 715 2520 mihi
742 2492 822 2520 satis
847 2492 951 2520 facere
976 2491 1100 2529 potui.⁷'
1152 2492 1185 2529 7)
1212 2491 1311 2520 schol.
1337 2500 1395 2520 om.
1422 2490 1486 2519 AR.
1552 2490 1586 2528 9)
1614 2489 1683 2519 Hoc
1709 2489 1808 2519 schol.
1844 2489 1941 2517 tacite

112 2555 172 2576 om.
201 2545 239 2580 Q.
274 2546 315 2574 Et
343 2547 388 2575 sic
419 2556 437 2575 a
466 2556 535 2584 sup.
563 2546 702 2577 mvcafli.
729 2547 797 2576 rell.
824 2558 882 2577 om.
909 2548 1013 2577 factus
1039 2557 1098 2577 om.
1130 2548 1155 2575 1.
1182 2551 1234 2576 aut
1256 2547 1309 2576 fel.
1336 2547 1475 2584 AR12‚1·.
1510 2565 1547 2569 —-
1581 2550 1657 2576 uota
1675 2549 1839 2584 parentum
1864 2546 1883 2574 i.
1912 2553 1940 2573 e.

111 2602 306 2631 desiderium
332 2603 467 2640 adeptus
494 2607 552 2632 est.
579 2604 650 2632 ideo
676 2604 764 2633 ducit
790 2608 866 2634 uota
891 2614 949 2633 sua
973 2604 1013 2633 ad
1039 2604 1137 2633 bonos
1163 2604 1273 2633 exitus
1307 2605 1336 2635 2.
1370 2603 1450 2633 (lucit
1478 2603 1521 2632 ad
1550 2602 1654 2633 exitus.
1687 2603 1720 2630 id
1754 2605 1813 2630 est.
1845 2602 1941 2631 uotis.

111 2658 272 2688 hominum
304 2663 424 2697 prestat
454 2660 554 2689 bonos
581 2664 716 2690 euentus
741 2670 769 2702 γ.
796 2662 880 2693 conf.
910 2660 946 2690 C.

224 2714 378 2744 PORPH.
430 2716 499 2745 Ode
526 2715 729 2745 LXXXXVI.
779 2716 830 2745 Ad
856 2717 1061 2746 censorinum
1087 2716 1123 2745 R.
1192 2716 1247 2755 13)
1276 2713 1343 2758 ‘⁰3⁷1
1369 2716 1412 2744 M.
1480 2715 1535 2754 14)
1568 2716 1658 2744 fialas
1690 2714 1733 2743 M.
1767 2718 1865 2752 praet.
1897 2714 1939 2744 M.

114 2772 170 2810 15)
196 2771 338 2801 censorio
362 2772 457 2808 M2,r.
511 2771 565 2810 16)
597 2773 678 2806 Quas
703 2791 744 2793 —
771 2774 885 2812 Scopas
910 2784 973 2803 non
1003 2773 1217 2811 expositionis
1244 2773 1299 2801 sed
1325 2773 1484 2801 lemmatis
1510 2772 1610 2800 uerba
1635 2775 1720 2800 sunt.
1743 2788 1780 2791 ψ
1801 2771 1941 2800 Athenis

112 2837 194 2857 omn.
221 2829 307 2857 libri.
334 2828 416 2857 conf.
441 2828 514 2858 Acr.
583 2828 637 2867 17)
662 2825 860 2871 γλυφοποιὸς
883 2830 923 2859 A.
952 2830 1174 2868 glyphopoeos
1199 2829 1241 2857 M.
1269 2828 1455 2866 gliphopeos
1482 2829 1511 2856 2.
1542 2826 1731 2866 gl3y‘bpoeoss
1764 2826 1802 2855 G.
1834 2826 1941 2864 Iypho-

111 2884 199 2922 phios
224 2884 261 2913 R.
286 2880 427 2925 γλύπτης
451 2883 626 2927 μαρμάρων
652 2885 757 2917 rvafh.
781 2882 1018 2927 γλυπτοποιός
1046 2886 1082 2921 Q.
1107 2882 1244 2928 ssmpebg
1270 2889 1300 2914 et
1325 2880 1591 2926 μαρμαρογλυφία
1617 2887 1692 2912 sunt
1710 2882 1832 2911 Graeca
1848 2892 1942 2912 uoca-

111 2941 199 2969 bula.
267 2942 321 2977 19)
350 2941 459 2970 sollers
484 2941 527 2969 M.
594 2940 650 2978 20)
676 2942 742 2970 diu.
768 2943 891 2972 scilicet
916 2942 1017 2971 MAR.
1045 2942 1170 2971 scilicet
1195 2951 1255 2971 om.
1281 2951 1328 2970 rv.
1356 2944 1458 2970 totam
1483 2940 1526 2977 gl.
1559 2949 1619 2968 om.
1653 2939 1719 2967 afh.
1753 2938 1834 2969 conf.
1867 2939 1941 2968 Acr.

113 2996 299 3026 Diuitiarum
322 2997 356 3026 in
382 2997 473 3027 codd.
499 2997 576 3026 Hor.
603 3007 665 3026 non
692 3002 739 3027 est
772 2999 879 3036 glossa
908 3009 938 3028 u.
971 2998 1150 3027 deliciarum
1179 3008 1210 3026 u.
1248 2998 1298 3033 10,
1330 2998 1391 3026 hoc
1422 2997 1492 3025 loco
1525 3000 1631 3025 autem
1662 2996 1826 3033 genitiuus
1858 3005 1941 3024 com-

113 3053 219 3081 munis
245 3063 313 3082 esse
339 3054 467 3083 uidetur
493 3058 523 3083 et
548 3054 588 3082 ad
614 3054 658 3082 m's
684 3058 714 3083 et
740 3055 780 3083 ad
806 3064 891 3094 eyens
915 3056 1092 3093 pertinens.
1120 3054 1201 3084 conf.
1227 3053 1301 3082 Acr.
1350 3053 1407 3090 21)
1435 3051 1610 3081 diuitiarum
1635 3061 1682 3089 eg.
1712 3052 1783 3088 M‚r.
1814 3069 1855 3073 —
1884 3061 1942 3080 nec

116 3108 190 3136 enim
214 3109 295 3147 larg.
322 3111 367 3138 fh.
392 3120 450 3139 nec
475 3119 526 3148 eqo
551 3109 626 3139 talia
650 3111 730 3148 larg.
757 3120 800 3140 ra.
826 3112 907 3140 talia
934 3121 993 3140 om.
1019 3121 1049 3139 v.
1077 3120 1134 3139 nec
1160 3120 1219 3148 ego
1245 3110 1301 3138 hoc
1333 3109 1368 3137 R.
1401 3109 1470 3137 rell.
1502 3117 1560 3137 nec
1592 3117 1643 3147 esso
1675 3108 1844 3145 haecdarg.
1871 3116 1941 3144 Fre·

115 3163 196 3193 ciosa
220 3174 349 3202 possum
375 3167 406 3194 h.
467 3167 525 3205 22)
552 3166 719 3196 desideras
744 3167 774 3195 h.
800 3184 840 3189 »-
869 3168 1017 3197 omnibus
1044 3177 1103 3196 om.
1133 3166 1205 3196 edd.
1232 3166 1324 3195 rvafh
1351 3173 1431 3202 quae
1462 3165 1598 3193 habent:
1630 3165 1690 3193 tibi
1724 3164 1818 3192 diuit.
1844 3172 1941 3201 prae-

111 3219 252 3257 ponenda
277 3225 361 3249 sunt.
387 3222 455 3251 rell.
482 3222 565 3251 εῑίιιίί.
593 3232 668 3251 omn.
692 3226 771 3262 gyrat.
797 3227 873 3252 sant.
900 3222 982 3253 conf.
1011 3222 1083 3252 Aer.
1135 3222 1191 3259 24)
1219 3221 1412 3260 praetiosum
1439 3220 1481 3250 M.

1984 653 2001 681 05!

1970 1016 2005 1046 10
