2283 3535
292 654 309 683 5

356 218 438 259 500
985 223 1092 256 ΑΘΒ.
1119 223 1179 255 ΕΤ
1206 222 1374 254 PORPH.
1403 221 1554 254 COMM.

1019 425 1319 481 EPODOS
1363 426 1517 479 XIII.

1183 536 1373 580 ACRON.

473 642 654 684 Horrida
685 649 798 697 temp.
858 639 1064 681 Hortatur
1094 638 1252 681 amicos
1283 653 1391 689 suos,
1421 644 1466 679 ut
1497 637 1642 693 pluuio
1672 651 1782 688 aere,
1816 653 1897 693 quo
1918 637 2034 679 aliud
2053 638 2194 679 facere

358 715 418 757 nil
448 721 635 772 possunt,
667 714 852 756 laetitiae
885 720 926 754 et
955 712 1118 768 poculis
1151 712 1414 768 indulgeant.

475 790 509 829 1.
543 789 711 830 caelum.
771 786 857 828 Pro
888 785 1084 836 nubibus,
1130 792 1174 827 ut
1211 783 1285 841 (A.
1317 785 1352 836 I,
1387 786 1507 841 133):
1542 786 1633 827 Iam
1665 786 1824 827 eaelum
1856 793 2082 841 terramque
2113 799 2197 826 meo

359 866 444 905 sine
474 863 635 904 numine
666 862 780 902 uenti
807 860 988 902 Miscere.

474 944 510 977 et
538 934 696 976 imbres.
756 931 820 974 Ut
850 931 926 987 (A.
958 931 1013 982 V,
1047 932 1170 988 693):
1203 933 1337 989 effusis
1366 933 1560 974 imbribus
1590 940 1684 973 atra
1719 933 1945 988 Tempestas
1975 933 2058 973 sine
2088 946 2198 975 more

303 1018 340 1049 10
365 1010 478 1063 furit.

296 1386 335 1417 15

472 1082 510 1122 4.
543 1081 675 1137 dumq.
706 1081 851 1122 uirent.
882 1095 918 1135 9.
977 1078 1063 1121 Pro
1094 1079 1174 1120 hoc
1205 1079 1317 1134 quod
1347 1079 1542 1120 iuuentus
1578 1078 1709 1127 uiret3
1754 1085 1795 1119 et
1839 1085 2030 1120 senec-tus
2078 1077 2199 1119 arida

360 1158 541 1211 ponitur,
573 1160 618 1195 ut
651 1153 723 1211 [de
754 1153 871 1210 sene]
906 1150 980 1207 (A.
1011 1152 1066 1203 V,
1098 1153 1224 1208 432):
1273 1152 1417 1194 Genua
1449 1152 1588 1194 labant
1619 1152 1774 1206 (uastos
1805 1153 1933 1208 quatit
1963 1167 2084 1207 aeqer
2114 1166 2200 1194 an—

361 1229 505 1270 halitus
536 1227 687 1285 artus]‚
721 1226 799 1284 [et]
833 1227 885 1269 de
916 1226 1068 1268 iuuene
1100 1224 1175 1281 (A.
1208 1224 1263 1275 V,
1295 1226 1419 1280 430):
1458 1225 1531 1266 Ille
1555 1226 1707 1282 pedum
1736 1225 1878 1267 melior
1896 1233 2004 1267 motu
2027 1223 2197 1282 [fretus-

362 1316 436 1358 que
465 1300 663 1358 iuuenta]

475 1377 513 1417 5.
546 1376 715 1418 obducta
745 1376 934 1418 soluatur
963 1375 1098 1430 fronte
1129 1382 1318 1416 senectus.
1391 1371 1577 1414 Laetitia
1624 1370 1914 1429 [ex]tendatur
1957 1372 2074 1415 frons
2120 1371 2197 1414 ob-

366 1448 492 1491 ducta
524 1463 726 1491 maerore.

476 1586 633 1617 ACRON.
681 1587 740 1616 AD
761 1584 926 1617 AMICOS
945 1587 1100 1616 iambicos
1127 1585 1260 1615 dicolos.
1287 1585 1315 1614 A
1341 1584 1414 1614 Acr.
1442 1584 1572 1614 Amicos
1597 1585 1748 1615 hortatur
1773 1588 1808 1614 ut
1834 1586 1902 1615 uim
1928 1584 2032 1623 (uicifi
2050 1585 2094 1626 E)
2120 1591 2203 1617 tem-

365 1645 502 1683 pestatis
528 1645 567 1673 de
593 1645 645 1674 die
670 1643 901 1673 discumbendo
927 1643 1035 1673 nitent
1062 1647 1093 1672 et
1119 1642 1194 1672 dum
1220 1651 1282 1672 non
1308 1642 1351 1671 sit
1385 1642 1620 1680 impedimento
1653 1644 1800 1671 senectus
1831 1642 2055 1680 uoluptatibus
2087 1650 2205 1676 uacent

365 1702 394 1731 A
418 1701 507 1736 Hor.,
533 1704 569 1730 ut
593 1701 625 1730 K
651 1704 747 1739 atque
772 1698 846 1729 ER*
872 1701 926 1739 qui
952 1701 1055 1729 manci
1081 1702 1176 1729 sunt:
1201 1699 1308 1729 nitent
1332 1695 1346 1740 Η
1374 1708 1436 1728 om.
1463 1702 1496 1727 et
1520 1698 1595 1727 dum
1620 1715 1663 1718 —
1688 1698 1915 1736 uoluptatibus
1940 1696 1954 1740 ΙΙ
1980 1700 2204 1738 uoluptatibus

364 1757 443 1787 uace
467 1757 546 1795 (siet
574 1767 694 1795 uacem,
721 1767 781 1788 orn.
808 1755 868 1795 R³)
886 1775 925 1777 —-
941 1761 974 1786 et
998 1757 1140 1786 addunt:
1167 1756 1208 1785 ad
1232 1755 1349 1785 amicos
1375 1754 1502 1785 comicos
1528 1755 1675 1784 senarius
1702 1755 1810 1792 epicus
1836 1755 2009 1793 quadratus
2027 1765 2046 1786 a
2063 1756 2140 1795 (om.
2158 1758 2202 1797 E)

366 1815 471 1844 iambo
496 1815 529 1844 in
556 1814 706 1844 dactiltm.
732 1823 768 1856 γε
802 1813 854 1843 Ad
879 1813 998 1843 amicos
1024 1822 1091 1842 sen.
1119 1821 1167 1850 ep.
1194 1812 1306 1850 quadr.
1333 1810 1461 1841 comicos
1485 1821 1504 1841 a
1528 1812 1634 1841 iambo
1660 1812 1692 1841 in
1717 1811 1877 1842 dactilum.
1903 1812 1994 1842 Harl.
2021 1812 2115 1857 Bcpb:
2151 1814 2205 1845 Ad

364 1871 483 1901 amicos
509 1870 634 1900 comicos
659 1879 725 1900 sen.
753 1880 801 1909 ep.
828 1880 880 1909 qu.
905 1880 923 1900 a
950 1869 1003 1908 (ab
1027 1868 1117 1898 Harl.
1144 1868 1212 1911 Βφ)
1239 1869 1345 1898 iambo
1370 1868 1403 1896 in
1429 1867 1579 1897 dactilum
1603 1869 1622 1897 b
1649 1867 1807 1905 (dactilon
1824 1868 1915 1898 Harl.
1942 1868 2011 1912 Βφ)
2036 1869 2127 1900 Harl.
2152 1871 2205 1914 Βφ

366 1931 398 1957 et
414 1927 451 1964 P,
477 1928 532 1965 qui
558 1927 667 1958 addit:
694 1921 772 1957 soff}
800 1927 884 1965 eleg.
921 1926 972 1956 Ad
997 1926 1116 1955 amicos
1142 1935 1209 1955 sen.
1237 1935 1284 1964 ep.
1305 1935 1356 1964 qu.
1375 1925 1512 1954 comicos
1537 1925 1577 1954 ab
1603 1925 1707 1955 iambo
1734 1925 1766 1954 in
1791 1925 1940 1964 dactylon.
1966 1926 2096 1957 Amicos
2121 1928 2204 1958 hort.

366 1987 402 2014 ut
427 1984 493 2013 uim
519 1988 617 2022 temp.
646 1984 685 2013 de
711 1984 763 2013 die
790 1982 885 2013 discit
907 1983 1011 2023 bend‘}
1039 1982 1072 2020 (1
1100 1992 1141 2012 m.
1170 1979 1282 2020 expu.)
1316 1982 1423 2011 nitent
1459 1999 1501 2002 —
1537 1985 1663 2011 uacent.
1690 1981 1799 2012 Ainbr.
1826 1982 1955 2013 Amicos
1981 1983 2128 2014 hortatur
2163 2002 2206 2006 ——

366 2044 492 2070 uacent.
520 2039 672 2070 Senarius
700 2050 750 2079 ep.
777 2050 829 2079 qu.
856 2040 995 2070 comicos
1020 2049 1038 2069 a
1063 2039 1168 2069 iambo
1195 2040 1227 2068 in
1254 2038 1413 2069 dactilum.
1438 2038 1534 2068 Fran.
1582 2038 1633 2068 Ad
1659 2039 1778 2068 amicos
1811 2038 1935 2069 comicos
1959 2039 2056 2070 Bern.
2085 2040 2110 2070 C
2145 2043 2205 2071 etc.

370 2097 442 2128 Ode
467 2096 561 2128 CXV.
587 2097 624 2127 R.

483 2152 518 2193 6)
542 2153 638 2183 ηίῖΑ.
667 2152 750 2183 conf.
775 2163 802 2195 γ.
828 2154 897 2183 rell.
924 2162 994 2183 non.
1021 2157 1157 2191 possunt
1182 2162 1264 2182 omn.
1291 2152 1377 2188 libri,
1403 2156 1438 2181 ut
1463 2152 1601 2190 saepius.
1628 2151 1696 2180 Hoc
1725 2151 1829 2181 uoluit
1855 2161 1947 2191 ergo:
1974 2162 2035 2191 quo
2060 2153 2207 2184 homines

367 2210 450 2241 nihil
475 2214 588 2249 agunt,
627 2210 709 2240 nihil
741 2209 846 2239 faeere
871 2214 1014 2248 possunt.
1042 2209 1133 2240 Conf.
1161 2210 1292 2248 Porph.‚
1330 2210 1384 2247 qui
1409 2209 1524 2238 habet:
1561 2208 1615 2247 agi
1641 2207 1746 2246 possit.
1785 2209 1925 2247 saepius.
1952 2209 2079 2247 possint
2106 2210 2144 2246 Q.
2169 2220 2204 2253 γε

366 2267 402 2298 ln
428 2268 487 2297 hac
514 2268 573 2297 ode
598 2267 748 2297 hortatur
773 2266 900 2296 sodales
941 2264 1013 2303 (ut?
1051 2267 1146 2295 aliter
1172 2266 1215 2296 C:
1254 2266 1412 2296 Hortatur
1437 2264 1549 2304 lepidos
1571 2274 1640 2295 suos
1665 2265 1789 2295 sodales
1815 2266 1856 2295 ad
1881 2267 2077 2304 conuiuium,
2114 2271 2209 2298 nacta

368 2334 410 2353 ex
435 2325 496 2354 hoc
521 2324 697 2360 occasione,
735 2323 814 2361 quod
842 2323 952 2361 pluuio
978 2323 1066 2352 caelo
1091 2326 1329 2361 tempestuosus
1356 2323 1399 2351 sit
1424 2331 1489 2358 aer,
1513 2331 1569 2361 quo
1592 2321 1669 2352 nihil
1691 2322 1777 2351 aliud
1809 2323 1861 2361 agi
1886 2324 2005 2363 possit)
2038 2324 2071 2353 in
2096 2324 2207 2362 pluuio

368 2381 435 2411 celo
468 2381 508 2410 ad
544 2380 728 2409 conuiuium
766 2388 800 2409 se
836 2379 952 2409 cedant
990 2380 1044 2418 qui
1081 2379 1121 2408 ad
1160 2379 1197 2417 (l.
1232 2380 1385 2409 secedant
1417 2379 1506 2418 (μιία)
1546 2379 1634 2408 aliud
1670 2378 1747 2408 nihil
1784 2380 1838 2417 agi
1877 2380 1991 2417 possit.
2030 2380 2100 2423 Βφε
2138 2380 2208 2410 Hac

367 2438 427 2468 ode
459 2438 608 2467 hortatur
633 2436 881 2466 contubernales
909 2445 991 2473 suos,
1026 2437 1176 2474 quoniam
1210 2436 1333 2464 caelum
1365 2436 1548 2473 pluuiosum
1580 2439 1647 2464 erat
1677 2444 1734 2464 nec
1767 2439 1908 2472 poterant
1936 2435 2022 2466 aliud
2052 2436 2086 2474 (a
2119 2437 2207 2467 aliud

368 2495 406 2537 φ)
443 2493 542 2532 operis
578 2502 684 2531 agere.
721 2496 757 2521 ut
794 2493 827 2522 in
863 2493 1047 2522 conuiuium
1081 2491 1262 2522 secederent.
1298 2490 1416 2521 Caelum
1446 2496 1552 2521 autem
1583 2501 1638 2529 pro
1667 2492 1805 2521 nubibus
1837 2492 1946 2530 accipe
1971 2492 2034 2535 Βφ.
2060 2492 2207 2523 licentiae

368 2561 408 2581 m.
471 2551 504 2588 7)
532 2550 631 2579 schol.
659 2559 718 2579 om.
744 2548 782 2578 A.
810 2549 841 2578 in
867 2548 914 2578 R2
941 2549 1089 2587 sequenti
1116 2552 1239 2586 postpo.
1269 2551 1328 2577 est.
1394 2548 1428 2586 8)
1454 2549 1587 2577 numine
1613 2548 1703 2577 uenti
1736 2548 1874 2577 Miscere
1913 2547 2115 2588 2G(Q)vma.
2149 2559 2207 2579 nu-

369 2608 455 2637 mine
480 2607 569 2636 uenti
594 2606 631 2635 R.
656 2606 798 2643 numine,
837 2615 897 2635 orn.
924 2606 1015 2634 uenti
1040 2605 1133 2635 Misc.
1159 2605 1223 2633 rfh.
1260 2604 1341 2633 conf.
1379 2604 1499 2634 Donat.
1538 2605 1578 2633 ad
1615 2604 1687 2634 Ter.
1724 2603 1783 2632 Ad.
1810 2604 1847 2639 V,
1879 2605 1909 2642 3,
1944 2606 1987 2642 4.‚
2019 2606 2070 2636 cui
2103 2606 2207 2636 locum

370 2667 518 2694 nostrum
542 2662 678 2692 Acronis
704 2662 789 2691 adde
815 2671 864 2699 ap.
893 2661 1046 2691 Ribbeck.
1097 2661 1131 2699 9)
1159 2660 1236 2690 atris
1261 2659 1481 2698 R21G‚mvca.
1509 2665 1581 2690 atra
1605 2660 1713 2698 A‚rfh‚
1740 2664 1775 2690 ut
1801 2661 1876 2691 libri
1902 2661 1999 2700 Verg.
2048 2662 2128 2692 Post
2151 2663 2210 2692 hoc

371 2721 470 2752 schol.
498 2720 596 2749 habet
614 2720 649 2749 2:
676 2719 836 2749 contraaeit.
863 2719 1015 2748 densauit
1036 2718 1122 2759 (Βφε
1150 2719 1182 2748 in
1209 2727 1308 2747 unum
1333 2719 1440 2756 coegit
1467 2727 1503 2747 ac
1528 2727 1582 2755 per
1606 2718 1665 2747 hoc
1691 2718 1827 2746 densum
1853 2717 1958 2757 fecit).
1976 2718 2080 2748 ionem.
2100 2729 2206 2749 aerem

371 2778 456 2820 (Βφι
485 2778 504 2806 i.
531 2777 665 2814 aerem).
692 2775 886 2805 occasionem.
914 2777 934 2805 i.
963 2785 988 2804 c.
1017 2776 1158 2813 aliquam
1184 2778 1306 2812 partem
1332 2774 1371 2803 de
1397 2775 1460 2804 isto
1487 2775 1538 2803 (lie
1559 2775 1579 2803 i.
1599 2783 1624 2803 e.
1644 2773 1777 2813 aliquam
1792 2783 1873 2812 spem
1890 2774 2005 2805 bonam.
2030 2785 2065 2818 γε
2092 2785 2206 2815 oppor-

370 2835 545 2864 tunitatem
572 2836 696 2871 partem
722 2832 862 2870 aliquam
889 2832 925 2861 de
949 2832 999 2861 die
1024 2840 1186 2861 sumamus
1213 2832 1253 2860 ad
1279 2831 1389 2869 epulas
1417 2835 1448 2860 et
1466 2832 1625 2860 conuiuia.
1678 2831 1733 2869 11)
1758 2831 1820 2860 Pro
1842 2830 1895 2861 hoc
1923 2832 2002 2870 quod
2017 2832 2100 2862 A2R
2130 2833 2206 2871 (om.

372 2891 454 2928 pro),
482 2901 505 2919 r.
531 2891 590 2919 hoc
616 2893 664 2918 est
689 2889 768 2927 quod
791 2899 853 2919 mv.
881 2889 950 2918 rell.
977 2889 1036 2918 hoc
1062 2892 1109 2918 est
1134 2887 1263 2926 quando.
1332 2889 1386 2926 12)
1413 2888 1542 2925 ponitur
1573 2887 1635 2916 A2.
1670 2887 1838 2925 deponitur
1870 2887 1996 2925 R,rvfh.
2029 2889 2207 2927 deponatur

372 2955 415 2976 ca.
442 2947 610 2985 opponitur
637 2945 680 2983 (G
695 2943 726 2985 P)
753 2946 870 2975 inculc.
900 2944 926 2980 Q
952 2946 1079 2974 dicens:
1105 2943 1264 2983 deponitur
1288 2944 1373 2973 libri.
1400 2945 1439 2973 (le
1465 2954 1539 2973 sene
1565 2954 1625 2974 orn.
1643 2944 1740 2973 AR21
1770 2943 1816 2982 (ut
1832 2943 1867 2973 de
1883 2953 1951 2974 sene
1969 2945 2057 2983 om),
2084 2955 2206 2977 rmvca.

371 3013 406 3045 γι
431 3012 538 3041 yenua.
566 3003 586 3031 i.
613 3003 687 3031 dum
713 3002 948 3032 aclkfolescentes
975 3011 1096 3031 sumus.
1123 3001 1223 3040 (conf.
1243 3000 1296 3040 C.)
1322 3005 1348 3030 et
1371 3001 1461 3031 decet.
1489 3002 1562 3040 quia
1589 3002 1692 3031 dccet.
1720 3002 1843 3032 lasciua
1869 3001 2108 3033 adholescentia
2128 3003 2206 3042 (sic)

374 3060 485 3088 decent
515 3060 614 3096 cpule.
641 3059 711 3101 Βφι
737 3058 845 3088 uirent.
872 3068 927 3097 per
952 3060 1117 3088 uirtutem.
1140 3067 1248 3098 genua.
1275 3061 1394 3088 nostra.
1421 3062 1531 3087 uastos
1558 3076 1599 3079 ψ
1625 3062 1714 3088 artus
1740 3068 1802 3088 οιιι.
1827 3059 1918 3096 A2,r.
1971 3059 2026 3097 13)
2058 3063 2085 3089 et
2109 3059 2206 3089 tacite

375 3116 490 3145 inculc.
519 3114 558 3149 Q.
586 3125 646 3144 om.
674 3125 757 3145 omn.
787 3116 873 3145 libri.
905 3133 946 3136 ——
979 3115 1146 3154 fretusque
1173 3117 1304 3145 iuuenta
1329 3124 1389 3145 om.
1417 3114 1507 3151 A2,r.
1575 3116 1629 3154 15)
1656 3115 1811 3145 tendatur
1836 3114 2072 3152 AR2l,rmvca.
2098 3120 2205 3146 exten-

375 3173 470 3201 ‹latur
496 3170 571 3205 shQ.
620 3170 652 3200 Si
681 3173 842 3201 sententia
868 3172 925 3201 illa
950 3182 1004 3209 per
1031 3172 1243 3201 indicatiuum
1268 3172 1395 3201 niodum
1422 3173 1590 3202 enuntiata
1615 3177 1664 3202 est
1688 3172 1727 3201 ab
1755 3172 1940 3210 interprete,
1966 3173 2205 3211 proposuerim:

374 3228 503 3258 laetitia
527 3231 675 3256 tenuatur
701 3227 788 3257 frons
815 3229 952 3257 obducta
979 3237 1131 3257 maerore.
1160 3228 1278 3257 Seneca
1304 3228 1342 3256 N.
1371 3228 1409 3262 Q.
1436 3228 1474 3263 V,
1501 3229 1537 3257 3:
1565 3229 1609 3257 sol
1637 3228 1828 3259 matutinum
1866 3237 1940 3260 (zera
1975 3228 2101 3269 spissum
2137 3232 2206 3259 ortu
