<?xml version="1.0" encoding="UTF-8"?>
<!DOCTYPE html PUBLIC "-//W3C//DTD XHTML 1.0 Transitional//EN"
    "http://www.w3.org/TR/xhtml1/DTD/xhtml1-transitional.dtd">
<html xmlns="http://www.w3.org/1999/xhtml" xml:lang="en" lang="en">
 <head>
  <title>
</title>
<meta http-equiv="Content-Type" content="text/html;charset=utf-8" />
  <meta name='ocr-system' content='tesseract 3.04.00' />
  <meta name='ocr-capabilities' content='ocr_page ocr_carea ocr_par ocr_line ocrx_word'/>
</head>
<body>
  <div class='ocr_page' id='page_1' title='image "acronisetporphyr01pseuuoft_0317.png"; bbox 0 0 2170 3460; ppageno 0'>
   <div class='ocr_carea' id='block_1_1' title="bbox 901 209 1993 248">
    <p class='ocr_par' dir='ltr' id='par_1_1' title="bbox 901 209 1993 248">
     <span class='ocr_line' id='line_1_1' title="bbox 901 209 1993 248; baseline 0.006 -7"><span class='ocrx_word' id='word_1_1' title='bbox 901 211 948 242; x_wconf 77' lang='grc'>1&gt;1</span> <span class='ocrx_word' id='word_1_2' title='bbox 975 211 1117 242; x_wconf 76' lang='lat' dir='ltr'><strong>CARM.</strong></span> <span class='ocrx_word' id='word_1_3' title='bbox 1147 212 1205 243; x_wconf 89' lang='lat'>111.</span> <span class='ocrx_word' id='word_1_4' title='bbox 1225 217 1254 244; x_wconf 83' lang='lat'>6.</span> <span class='ocrx_word' id='word_1_5' title='bbox 1915 209 1993 248; x_wconf 80' lang='grc'>291</span> 
     </span>
    </p>
   </div>
   <div class='ocr_carea' id='block_1_2' title="bbox 162 333 1996 2005">
    <p class='ocr_par' dir='ltr' id='par_1_2' title="bbox 167 333 1995 462">
     <span class='ocr_line' id='line_1_2' title="bbox 169 333 1995 395; baseline 0.003 -19"><span class='ocrx_word' id='word_1_6' title='bbox 169 349 332 376; x_wconf 88' lang='lat' dir='ltr'>sensus:</span> <span class='ocrx_word' id='word_1_7' title='bbox 375 333 490 376; x_wconf 90' lang='lat' dir='ltr'>Hinc</span> <span class='ocrx_word' id='word_1_8' title='bbox 520 348 643 375; x_wconf 90' lang='lat' dir='ltr'>omne</span> <span class='ocrx_word' id='word_1_9' title='bbox 674 333 931 389; x_wconf 88' lang='lat' dir='ltr'>principium</span> <span class='ocrx_word' id='word_1_10' title='bbox 962 334 1129 388; x_wconf 84' lang='lat' dir='ltr'>imperii</span> <span class='ocrx_word' id='word_1_11' title='bbox 1161 334 1303 384; x_wconf 88' lang='lat' dir='ltr'>habes,</span> <span class='ocrx_word' id='word_1_12' title='bbox 1351 336 1461 389; x_wconf 89' lang='lat' dir='ltr'>quod</span> <span class='ocrx_word' id='word_1_13' title='bbox 1492 335 1608 379; x_wconf 83' lang='lat' dir='ltr'>Deos</span> <span class='ocrx_word' id='word_1_14' title='bbox 1640 338 1772 387; x_wconf 82' lang='lat' dir='ltr'>colas3</span> <span class='ocrx_word' id='word_1_15' title='bbox 1818 354 1920 395; x_wconf 83' lang='lat' dir='ltr'>ergo</span> <span class='ocrx_word' id='word_1_16' title='bbox 1951 350 1995 382; x_wconf 90' lang='lat' dir='ltr'>ut</span> 
     </span>
     <span class='ocr_line' id='line_1_3' title="bbox 167 406 1240 462; baseline 0 -15"><span class='ocrx_word' id='word_1_17' title='bbox 167 407 391 462; x_wconf 90' lang='lat' dir='ltr'>imperium</span> <span class='ocrx_word' id='word_1_18' title='bbox 422 415 671 461; x_wconf 81' lang='lat' dir='ltr'>perseueret,</span> <span class='ocrx_word' id='word_1_19' title='bbox 705 420 930 462; x_wconf 85' lang='lat' dir='ltr'>perseuera.</span> <span class='ocrx_word' id='word_1_20' title='bbox 960 406 1060 447; x_wconf 87' lang='lat' dir='ltr'>deos</span> <span class='ocrx_word' id='word_1_21' title='bbox 1092 407 1240 447; x_wconf 89' lang='lat' dir='ltr'>colere.</span> 
     </span>
    </p>

    <p class='ocr_par' dir='ltr' id='par_1_3' title="bbox 166 479 1995 670">
     <span class='ocr_line' id='line_1_4' title="bbox 281 479 1994 539; baseline 0.004 -19"><span class='ocrx_word' id='word_1_22' title='bbox 281 480 317 520; x_wconf 82' lang='lat'><strong>9.</strong></span> <span class='ocrx_word' id='word_1_23' title='bbox 349 481 429 521; x_wconf 68' lang='lat' dir='ltr'>iam</span> <span class='ocrx_word' id='word_1_24' title='bbox 458 481 515 521; x_wconf 67' lang='lat' dir='ltr'>bis</span> <span class='ocrx_word' id='word_1_25' title='bbox 547 481 754 523; x_wconf 74' lang='lat' dir='ltr'>Monaeses</span> <span class='ocrx_word' id='word_1_26' title='bbox 785 489 821 520; x_wconf 83' lang='lat' dir='ltr'>et</span> <span class='ocrx_word' id='word_1_27' title='bbox 852 481 1002 520; x_wconf 67' lang='lat' dir='ltr'>Pacori</span> <span class='ocrx_word' id='word_1_28' title='bbox 1030 494 1185 521; x_wconf 68' lang='lat' dir='ltr'>vennas.</span> <span class='ocrx_word' id='word_1_29' title='bbox 1263 479 1322 520; x_wconf 91' lang='lat' dir='ltr'>Hi</span> <span class='ocrx_word' id='word_1_30' title='bbox 1361 479 1614 522; x_wconf 82' lang='lat' dir='ltr'>Parthorum</span> <span class='ocrx_word' id='word_1_31' title='bbox 1656 498 1778 539; x_wconf 84' lang='lat' dir='ltr'>reges</span> <span class='ocrx_word' id='word_1_32' title='bbox 1816 486 1994 527; x_wconf 83' lang='lat' dir='ltr'>fuerunt.</span> 
     </span>
     <span class='ocr_line' id='line_1_5' title="bbox 166 552 1995 609; baseline 0.004 -15"><span class='ocrx_word' id='word_1_33' title='bbox 166 552 242 595; x_wconf 83' lang='lat' dir='ltr'>Bis</span> <span class='ocrx_word' id='word_1_34' title='bbox 272 559 409 594; x_wconf 81' lang='lat' dir='ltr'>autem</span> <span class='ocrx_word' id='word_1_35' title='bbox 442 552 622 594; x_wconf 88' lang='lat' dir='ltr'>Parthos</span> <span class='ocrx_word' id='word_1_36' title='bbox 660 552 867 593; x_wconf 87' lang='lat' dir='ltr'>rettulisse</span> <span class='ocrx_word' id='word_1_37' title='bbox 903 553 954 593; x_wconf 89' lang='lat' dir='ltr'>de</span> <span class='ocrx_word' id='word_1_38' title='bbox 992 552 1113 594; x_wconf 91' lang='lat' dir='ltr'>nobis</span> <span class='ocrx_word' id='word_1_39' title='bbox 1154 554 1374 595; x_wconf 83' lang='lat' dir='ltr'>uictoriam</span> <span class='ocrx_word' id='word_1_40' title='bbox 1416 554 1534 604; x_wconf 83' lang='lat' dir='ltr'>dixit,</span> <span class='ocrx_word' id='word_1_41' title='bbox 1582 556 1680 609; x_wconf 86' lang='lat' dir='ltr'>quia</span> <span class='ocrx_word' id='word_1_42' title='bbox 1720 565 1759 596; x_wconf 88' lang='lat' dir='ltr'>ct</span> <span class='ocrx_word' id='word_1_43' title='bbox 1795 556 1995 600; x_wconf 69' lang='lat' dir='ltr'>Crassum</span> 
     </span>
     <span class='ocr_line' id='line_1_6' title="bbox 166 624 1793 670; baseline 0.001 -2"><span class='ocrx_word' id='word_1_44' title='bbox 166 634 289 668; x_wconf 83' lang='lat' dir='ltr'>antea.</span> <span class='ocrx_word' id='word_1_45' title='bbox 319 633 358 667; x_wconf 88' lang='lat' dir='ltr'>et</span> <span class='ocrx_word' id='word_1_46' title='bbox 388 633 475 667; x_wconf 87' lang='lat' dir='ltr'>tum</span> <span class='ocrx_word' id='word_1_47' title='bbox 506 624 734 667; x_wconf 82' lang='lat' dir='ltr'>Decidium</span> <span class='ocrx_word' id='word_1_48' title='bbox 758 624 915 666; x_wconf 81' lang='lat' dir='ltr'>Saxam</span> <span class='ocrx_word' id='word_1_49' title='bbox 947 626 989 666; x_wconf 90' lang='lat' dir='ltr'>in</span> <span class='ocrx_word' id='word_1_50' title='bbox 1011 626 1100 667; x_wconf 89' lang='lat' dir='ltr'>acic</span> <span class='ocrx_word' id='word_1_51' title='bbox 1133 642 1227 668; x_wconf 74' lang='lat' dir='ltr'>cum</span> <span class='ocrx_word' id='word_1_52' title='bbox 1258 626 1511 669; x_wconf 80' lang='lat' dir='ltr'>exercitibus</span> <span class='ocrx_word' id='word_1_53' title='bbox 1541 628 1793 670; x_wconf 88' lang='lat' dir='ltr'>occiderant.</span> 
     </span>
    </p>

    <p class='ocr_par' dir='ltr' id='par_1_4' title="bbox 165 699 1995 889">
     <span class='ocr_line' id='line_1_7' title="bbox 281 699 1994 755; baseline 0.002 -14"><span class='ocrx_word' id='word_1_54' title='bbox 281 701 344 741; x_wconf 89' lang='lat'>11.</span> <span class='ocrx_word' id='word_1_55' title='bbox 377 709 413 742; x_wconf 83' lang='lat' dir='ltr'>et</span> <span class='ocrx_word' id='word_1_56' title='bbox 443 701 520 741; x_wconf 70' lang='lat' dir='ltr'>adi.</span> <span class='ocrx_word' id='word_1_57' title='bbox 546 715 614 755; x_wconf 79' lang='lat' dir='ltr'>pr.</span> <span class='ocrx_word' id='word_1_58' title='bbox 649 709 672 740; x_wconf 83' lang='lat' dir='ltr'>t.</span> <span class='ocrx_word' id='word_1_59' title='bbox 704 715 732 739; x_wconf 76' lang='lat' dir='ltr'>e.</span> <span class='ocrx_word' id='word_1_60' title='bbox 764 700 927 741; x_wconf 71' lang='lat' dir='ltr'>renidet.</span> <span class='ocrx_word' id='word_1_61' title='bbox 988 699 1055 740; x_wconf 87' lang='lat' dir='ltr'>Ex</span> <span class='ocrx_word' id='word_1_62' title='bbox 1078 701 1248 754; x_wconf 86' lang='lat' dir='ltr'>pracda,</span> <span class='ocrx_word' id='word_1_63' title='bbox 1282 716 1406 755; x_wconf 88' lang='lat' dir='ltr'>quam</span> <span class='ocrx_word' id='word_1_64' title='bbox 1438 701 1560 742; x_wconf 90' lang='lat' dir='ltr'>nobis</span> <span class='ocrx_word' id='word_1_65' title='bbox 1590 702 1873 753; x_wconf 87' lang='lat' dir='ltr'>detraxerunt,</span> <span class='ocrx_word' id='word_1_66' title='bbox 1910 711 1994 745; x_wconf 84' lang='lat' dir='ltr'>tor-</span> 
     </span>
     <span class='ocr_line' id='line_1_8' title="bbox 166 772 1995 833; baseline 0.002 -17"><span class='ocrx_word' id='word_1_67' title='bbox 166 788 268 830; x_wconf 83' lang='lat' dir='ltr'>ques</span> <span class='ocrx_word' id='word_1_68' title='bbox 298 788 393 815; x_wconf 88' lang='lat' dir='ltr'>suos</span> <span class='ocrx_word' id='word_1_69' title='bbox 437 773 612 828; x_wconf 81' lang='lat' dir='ltr'>exiguos</span> <span class='ocrx_word' id='word_1_70' title='bbox 656 780 779 814; x_wconf 85' lang='lat' dir='ltr'>antea</span> <span class='ocrx_word' id='word_1_71' title='bbox 823 772 1048 827; x_wconf 81' lang='lat' dir='ltr'>ampliasse</span> <span class='ocrx_word' id='word_1_72' title='bbox 1094 773 1301 828; x_wconf 76' lang='lat' dir='ltr'>gaudent3</span> <span class='ocrx_word' id='word_1_73' title='bbox 1348 775 1426 815; x_wconf 85' lang='lat' dir='ltr'>hoc</span> <span class='ocrx_word' id='word_1_74' title='bbox 1472 775 1584 816; x_wconf 91' lang='lat' dir='ltr'>enim</span> <span class='ocrx_word' id='word_1_75' title='bbox 1629 790 1741 817; x_wconf 89' lang='lat' dir='ltr'>nunc</span> <span class='ocrx_word' id='word_1_76' title='bbox 1785 776 1995 833; x_wconf 84' lang='lat' dir='ltr'>significat</span> 
     </span>
     <span class='ocr_line' id='line_1_9' title="bbox 165 848 330 889; baseline -0.006 0"><span class='ocrx_word' id='word_1_77' title='bbox 165 848 330 889; x_wconf 79' lang='lat' dir='ltr'>renidet.</span> 
     </span>
    </p>

    <p class='ocr_par' dir='ltr' id='par_1_5' title="bbox 164 918 1992 1048">
     <span class='ocr_line' id='line_1_10' title="bbox 279 918 1992 978; baseline 0.002 -17"><span class='ocrx_word' id='word_1_78' title='bbox 279 921 342 961; x_wconf 87' lang='lat'>13.</span> <span class='ocrx_word' id='word_1_79' title='bbox 368 935 495 976; x_wconf 79' lang='lat' dir='ltr'>paene</span> <span class='ocrx_word' id='word_1_80' title='bbox 517 935 595 962; x_wconf 78' lang='lat' dir='ltr'>oce.</span> <span class='ocrx_word' id='word_1_81' title='bbox 619 935 647 961; x_wconf 86' lang='lat' dir='ltr'>s.</span> <span class='ocrx_word' id='word_1_82' title='bbox 670 921 706 961; x_wconf 86' lang='lat' dir='ltr'>d.</span> <span class='ocrx_word' id='word_1_83' title='bbox 728 935 767 962; x_wconf 78' lang='lat' dir='ltr'>u.</span> <span class='ocrx_word' id='word_1_84' title='bbox 792 921 838 961; x_wconf 88' lang='lat' dir='ltr'>D.</span> <span class='ocrx_word' id='word_1_85' title='bbox 899 918 1201 969; x_wconf 85' lang='lat' dir='ltr'>Seditionibus,</span> <span class='ocrx_word' id='word_1_86' title='bbox 1234 919 1382 974; x_wconf 84' lang='lat' dir='ltr'>inquit,</span> <span class='ocrx_word' id='word_1_87' title='bbox 1416 920 1650 963; x_wconf 88' lang='lat' dir='ltr'>districtum</span> <span class='ocrx_word' id='word_1_88' title='bbox 1681 922 1883 978; x_wconf 89' lang='lat' dir='ltr'>populum</span> <span class='ocrx_word' id='word_1_89' title='bbox 1904 922 1992 965; x_wconf 85' lang='lat' dir='ltr'>Ro-</span> 
     </span>
     <span class='ocr_line' id='line_1_11' title="bbox 164 992 1324 1048; baseline -0.002 -13"><span class='ocrx_word' id='word_1_90' title='bbox 164 1009 334 1035; x_wconf 86' lang='lat' dir='ltr'>manum</span> <span class='ocrx_word' id='word_1_91' title='bbox 366 1008 417 1035; x_wconf 87' lang='lat' dir='ltr'>ex</span> <span class='ocrx_word' id='word_1_92' title='bbox 448 993 668 1035; x_wconf 81' lang='lat' dir='ltr'>occasione</span> <span class='ocrx_word' id='word_1_93' title='bbox 700 1008 834 1048; x_wconf 87' lang='lat' dir='ltr'>paene</span> <span class='ocrx_word' id='word_1_94' title='bbox 865 992 1036 1034; x_wconf 86' lang='lat' dir='ltr'>barbari</span> <span class='ocrx_word' id='word_1_95' title='bbox 1067 992 1324 1034; x_wconf 88' lang='lat' dir='ltr'>deleuerunt.</span> 
     </span>
    </p>

    <p class='ocr_par' dir='ltr' id='par_1_6' title="bbox 163 1066 1994 1330">
     <span class='ocr_line' id='line_1_12' title="bbox 278 1066 1992 1123; baseline 0.001 -14"><span class='ocrx_word' id='word_1_96' title='bbox 278 1069 342 1109; x_wconf 81' lang='grc'>17.</span> <span class='ocrx_word' id='word_1_97' title='bbox 372 1069 446 1122; x_wconf 72' lang='lat' dir='ltr'>sec.</span> <span class='ocrx_word' id='word_1_98' title='bbox 479 1068 620 1123; x_wconf 73' lang='lat' dir='ltr'>culpae</span> <span class='ocrx_word' id='word_1_99' title='bbox 651 1083 755 1109; x_wconf 76' lang='lat' dir='ltr'>saec.</span> <span class='ocrx_word' id='word_1_100' title='bbox 814 1066 969 1109; x_wconf 88' lang='lat' dir='ltr'>Nostra</span> <span class='ocrx_word' id='word_1_101' title='bbox 999 1066 1158 1108; x_wconf 88' lang='lat' dir='ltr'>scilicet</span> <span class='ocrx_word' id='word_1_102' title='bbox 1186 1066 1365 1108; x_wconf 87' lang='lat' dir='ltr'>saecula.</span> <span class='ocrx_word' id='word_1_103' title='bbox 1414 1066 1611 1122; x_wconf 83' lang='lat' dir='ltr'>[Nostrae</span> <span class='ocrx_word' id='word_1_104' title='bbox 1633 1068 1792 1110; x_wconf 81' lang='lat' dir='ltr'>scilicet</span> <span class='ocrx_word' id='word_1_105' title='bbox 1813 1070 1992 1111; x_wconf 87' lang='lat' dir='ltr'>saecula.</span> 
     </span>
     <span class='ocr_line' id='line_1_13' title="bbox 167 1139 1987 1198; baseline 0.001 -15"><span class='ocrx_word' id='word_1_106' title='bbox 167 1141 363 1198; x_wconf 85' lang='lat' dir='ltr'>[Nostrae</span> <span class='ocrx_word' id='word_1_107' title='bbox 411 1141 588 1198; x_wconf 86' lang='lat' dir='ltr'>scilicet]</span> <span class='ocrx_word' id='word_1_108' title='bbox 634 1141 806 1196; x_wconf 74' lang='lat' dir='ltr'>Nuptias</span> <span class='ocrx_word' id='word_1_109' title='bbox 844 1143 1023 1197; x_wconf 73' lang='lat' dir='ltr'>primum</span> <span class='ocrx_word' id='word_1_110' title='bbox 1062 1142 1337 1196; x_wconf 73' lang='lat' dir='ltr'>z&#39;nqm&#39;nauere.</span> <span class='ocrx_word' id='word_1_111' title='bbox 1414 1139 1499 1181; x_wconf 90' lang='lat' dir='ltr'>Per</span> <span class='ocrx_word' id='word_1_112' title='bbox 1539 1141 1708 1196; x_wconf 82' lang='lat' dir='ltr'>nuptias</span> <span class='ocrx_word' id='word_1_113' title='bbox 1746 1142 1987 1197; x_wconf 85' lang='lat' dir='ltr'>inquinatas</span> 
     </span>
     <span class='ocr_line' id='line_1_14' title="bbox 163 1213 1994 1270; baseline 0.001 -14"><span class='ocrx_word' id='word_1_114' title='bbox 163 1215 252 1256; x_wconf 87' lang='lat' dir='ltr'>uult</span> <span class='ocrx_word' id='word_1_115' title='bbox 281 1215 513 1264; x_wconf 86' lang='lat' dir='ltr'>ostendere,</span> <span class='ocrx_word' id='word_1_116' title='bbox 558 1229 634 1255; x_wconf 90' lang='lat' dir='ltr'>nos</span> <span class='ocrx_word' id='word_1_117' title='bbox 669 1229 719 1255; x_wconf 84' lang='lat' dir='ltr'>ex</span> <span class='ocrx_word' id='word_1_118' title='bbox 751 1214 843 1269; x_wconf 87' lang='lat' dir='ltr'>ipsa</span> <span class='ocrx_word' id='word_1_119' title='bbox 875 1213 999 1268; x_wconf 86' lang='lat' dir='ltr'>culpa</span> <span class='ocrx_word' id='word_1_120' title='bbox 1029 1220 1333 1270; x_wconf 84' lang='lat' dir='ltr'>progeneratos</span> <span class='ocrx_word' id='word_1_121' title='bbox 1364 1228 1414 1255; x_wconf 89' lang='lat' dir='ltr'>ac</span> <span class='ocrx_word' id='word_1_122' title='bbox 1444 1213 1594 1255; x_wconf 84' lang='lat' dir='ltr'>merito</span> <span class='ocrx_word' id='word_1_123' title='bbox 1624 1215 1730 1255; x_wconf 89' lang='lat' dir='ltr'>nihil</span> <span class='ocrx_word' id='word_1_124' title='bbox 1761 1222 1920 1257; x_wconf 86' lang='lat' dir='ltr'>rectum</span> <span class='ocrx_word' id='word_1_125' title='bbox 1950 1216 1994 1257; x_wconf 92' lang='lat' dir='ltr'>in</span> 
     </span>
     <span class='ocr_line' id='line_1_15' title="bbox 164 1288 433 1330; baseline -0.007 0"><span class='ocrx_word' id='word_1_126' title='bbox 164 1288 253 1330; x_wconf 87' lang='lat' dir='ltr'>uita</span> <span class='ocrx_word' id='word_1_127' title='bbox 283 1289 433 1329; x_wconf 89' lang='lat' dir='ltr'>facere.</span> 
     </span>
    </p>

    <p class='ocr_par' dir='ltr' id='par_1_7' title="bbox 163 1359 1991 1488">
     <span class='ocr_line' id='line_1_16' title="bbox 277 1359 1991 1416; baseline 0 -13"><span class='ocrx_word' id='word_1_128' title='bbox 277 1363 341 1402; x_wconf 84' lang='lat'>19.</span> <span class='ocrx_word' id='word_1_129' title='bbox 373 1362 438 1403; x_wconf 76' lang='lat'>20.</span> <span class='ocrx_word' id='word_1_130' title='bbox 470 1362 542 1403; x_wconf 79' lang='lat' dir='ltr'>hoc</span> <span class='ocrx_word' id='word_1_131' title='bbox 570 1362 600 1415; x_wconf 81' lang='lat' dir='ltr'><strong>f.</strong></span> <span class='ocrx_word' id='word_1_132' title='bbox 632 1362 668 1402; x_wconf 80' lang='lat' dir='ltr'>d.</span> <span class='ocrx_word' id='word_1_133' title='bbox 702 1362 749 1402; x_wconf 81' lang='lat' dir='ltr'>cl.</span> <span class='ocrx_word' id='word_1_134' title='bbox 780 1362 804 1401; x_wconf 67' lang='lat' dir='ltr'>i.</span> <span class='ocrx_word' id='word_1_135' title='bbox 829 1375 871 1416; x_wconf 78' lang='lat' dir='ltr'>p.</span> <span class='ocrx_word' id='word_1_136' title='bbox 901 1375 940 1414; x_wconf 86' lang='lat' dir='ltr'>p.</span> <span class='ocrx_word' id='word_1_137' title='bbox 968 1361 1102 1415; x_wconf 73' lang='lat' dir='ltr'>fluxit.</span> <span class='ocrx_word' id='word_1_138' title='bbox 1182 1359 1362 1414; x_wconf 86' lang='lat' dir='ltr'>Turpes,</span> <span class='ocrx_word' id='word_1_139' title='bbox 1394 1359 1543 1414; x_wconf 88' lang='lat' dir='ltr'>inquit,</span> <span class='ocrx_word' id='word_1_140' title='bbox 1576 1360 1709 1402; x_wconf 83' lang='lat' dir='ltr'>coitus</span> <span class='ocrx_word' id='word_1_141' title='bbox 1739 1361 1991 1403; x_wconf 87' lang='lat' dir='ltr'>feminarum</span> 
     </span>
     <span class='ocr_line' id='line_1_17' title="bbox 163 1431 1528 1488; baseline -0.002 -12"><span class='ocrx_word' id='word_1_142' title='bbox 163 1434 421 1477; x_wconf 86' lang='lat' dir='ltr'>descendunt</span> <span class='ocrx_word' id='word_1_143' title='bbox 450 1434 493 1475; x_wconf 89' lang='lat' dir='ltr'>in</span> <span class='ocrx_word' id='word_1_144' title='bbox 523 1434 679 1476; x_wconf 90' lang='lat' dir='ltr'>liberos</span> <span class='ocrx_word' id='word_1_145' title='bbox 711 1447 889 1488; x_wconf 87' lang='lat' dir='ltr'>quoque,</span> <span class='ocrx_word' id='word_1_146' title='bbox 921 1432 1074 1473; x_wconf 88' lang='lat' dir='ltr'>deinde</span> <span class='ocrx_word' id='word_1_147' title='bbox 1106 1432 1149 1473; x_wconf 93' lang='lat' dir='ltr'>in</span> <span class='ocrx_word' id='word_1_148' title='bbox 1180 1447 1269 1473; x_wconf 91' lang='lat' dir='ltr'>rem</span> <span class='ocrx_word' id='word_1_149' title='bbox 1299 1431 1528 1487; x_wconf 87' lang='lat' dir='ltr'>publicam.</span> 
     </span>
    </p>

    <p class='ocr_par' dir='ltr' id='par_1_8' title="bbox 275 1505 1991 1562">
     <span class='ocr_line' id='line_1_18' title="bbox 275 1505 1991 1562; baseline 0 -13"><span class='ocrx_word' id='word_1_150' title='bbox 275 1509 341 1549; x_wconf 77' lang='lat'>21.</span> <span class='ocrx_word' id='word_1_151' title='bbox 373 1516 501 1549; x_wconf 75' lang='lat' dir='ltr'>motus</span> <span class='ocrx_word' id='word_1_152' title='bbox 534 1508 570 1548; x_wconf 81' lang='lat' dir='ltr'>d.</span> <span class='ocrx_word' id='word_1_153' title='bbox 599 1523 635 1562; x_wconf 73' lang='lat'><strong>9.</strong></span> <span class='ocrx_word' id='word_1_154' title='bbox 667 1509 690 1548; x_wconf 70' lang='grc' dir='ltr'>ί.</span> <span class='ocrx_word' id='word_1_155' title='bbox 734 1506 785 1547; x_wconf 91' lang='lat' dir='ltr'>Id</span> <span class='ocrx_word' id='word_1_156' title='bbox 817 1512 890 1556; x_wconf 91' lang='lat' dir='ltr'>est,</span> <span class='ocrx_word' id='word_1_157' title='bbox 922 1505 1068 1547; x_wconf 89' lang='lat' dir='ltr'>molles</span> <span class='ocrx_word' id='word_1_158' title='bbox 1090 1505 1276 1556; x_wconf 83' lang='lat' dir='ltr'>saltatus,</span> <span class='ocrx_word' id='word_1_159' title='bbox 1300 1521 1403 1561; x_wconf 89' lang='lat' dir='ltr'>quos</span> <span class='ocrx_word' id='word_1_160' title='bbox 1425 1506 1552 1561; x_wconf 91' lang='lat' dir='ltr'>primi</span> <span class='ocrx_word' id='word_1_161' title='bbox 1573 1505 1706 1549; x_wconf 79' lang='lat' dir='ltr'>Jones</span> <span class='ocrx_word' id='word_1_162' title='bbox 1728 1507 1991 1549; x_wconf 89' lang='lat' dir='ltr'>inuenerunt.</span> 
     </span>
    </p>

    <p class='ocr_par' dir='ltr' id='par_1_9' title="bbox 162 1579 1994 1785">
     <span class='ocr_line' id='line_1_19' title="bbox 275 1579 1992 1637; baseline 0 -14"><span class='ocrx_word' id='word_1_163' title='bbox 275 1591 311 1624; x_wconf 84' lang='lat' dir='ltr'>et</span> <span class='ocrx_word' id='word_1_164' title='bbox 336 1582 431 1637; x_wconf 75' lang='lat' dir='ltr'>finq.</span> <span class='ocrx_word' id='word_1_165' title='bbox 465 1581 649 1622; x_wconf 77' lang='lat' dir='ltr'>arlubus.</span> <span class='ocrx_word' id='word_1_166' title='bbox 709 1580 890 1621; x_wconf 77' lang='lat' dir='ltr'>Artubus</span> <span class='ocrx_word' id='word_1_167' title='bbox 911 1579 1151 1635; x_wconf 84' lang='lat' dir='ltr'>legendum,</span> <span class='ocrx_word' id='word_1_168' title='bbox 1184 1579 1283 1633; x_wconf 85' lang='lat' dir='ltr'>quia</span> <span class='ocrx_word' id='word_1_169' title='bbox 1304 1594 1389 1621; x_wconf 92' lang='lat' dir='ltr'>non</span> <span class='ocrx_word' id='word_1_170' title='bbox 1410 1579 1526 1620; x_wconf 85' lang='lat' dir='ltr'>uenit</span> <span class='ocrx_word' id='word_1_171' title='bbox 1546 1595 1570 1620; x_wconf 87' lang='lat' dir='ltr'>a</span> <span class='ocrx_word' id='word_1_172' title='bbox 1591 1580 1850 1622; x_wconf 83' lang='lat' dir='ltr'>nominatiuo</span> <span class='ocrx_word' id='word_1_173' title='bbox 1872 1590 1992 1633; x_wconf 82' lang='lat' dir='ltr'>artes,</span> 
     </span>
     <span class='ocr_line' id='line_1_20' title="bbox 162 1652 1994 1709; baseline -0.001 -12"><span class='ocrx_word' id='word_1_174' title='bbox 162 1655 234 1697; x_wconf 85' lang='lat' dir='ltr'>sed</span> <span class='ocrx_word' id='word_1_175' title='bbox 264 1663 388 1697; x_wconf 75' lang='lat' dir='ltr'>artus.</span> <span class='ocrx_word' id='word_1_176' title='bbox 464 1652 686 1709; x_wconf 85' lang='lat' dir='ltr'>Significat</span> <span class='ocrx_word' id='word_1_177' title='bbox 724 1652 902 1709; x_wconf 85' lang='lat' dir='ltr'>[autem]</span> <span class='ocrx_word' id='word_1_178' title='bbox 949 1667 1025 1708; x_wconf 88' lang='lat' dir='ltr'>per</span> <span class='ocrx_word' id='word_1_179' title='bbox 1055 1652 1098 1693; x_wconf 93' lang='lat' dir='ltr'>id</span> <span class='ocrx_word' id='word_1_180' title='bbox 1129 1652 1341 1694; x_wconf 89' lang='lat' dir='ltr'>molliores</span> <span class='ocrx_word' id='word_1_181' title='bbox 1373 1653 1501 1694; x_wconf 88' lang='lat' dir='ltr'>saltus</span> <span class='ocrx_word' id='word_1_182' title='bbox 1547 1653 1785 1709; x_wconf 78' lang='lat' dir='ltr'>(saltatus?)</span> <span class='ocrx_word' id='word_1_183' title='bbox 1832 1654 1994 1709; x_wconf 90' lang='lat' dir='ltr'>puellas</span> 
     </span>
     <span class='ocr_line' id='line_1_21' title="bbox 162 1726 1769 1785; baseline -0.001 -15"><span class='ocrx_word' id='word_1_184' title='bbox 162 1728 337 1778; x_wconf 88' lang='lat' dir='ltr'>discere,</span> <span class='ocrx_word' id='word_1_185' title='bbox 373 1728 470 1785; x_wconf 93' lang='lat' dir='ltr'>[hoc</span> <span class='ocrx_word' id='word_1_186' title='bbox 501 1727 595 1784; x_wconf 88' lang='lat' dir='ltr'>est,]</span> <span class='ocrx_word' id='word_1_187' title='bbox 628 1734 772 1783; x_wconf 85' lang='lat' dir='ltr'>turpes</span> <span class='ocrx_word' id='word_1_188' title='bbox 803 1733 840 1768; x_wconf 90' lang='lat' dir='ltr'>et</span> <span class='ocrx_word' id='word_1_189' title='bbox 871 1726 1120 1768; x_wconf 90' lang='lat' dir='ltr'>libidinosos</span> <span class='ocrx_word' id='word_1_190' title='bbox 1150 1733 1286 1768; x_wconf 84' lang='lat' dir='ltr'>motus</span> <span class='ocrx_word' id='word_1_191' title='bbox 1318 1741 1458 1767; x_wconf 90' lang='lat' dir='ltr'>rerum</span> <span class='ocrx_word' id='word_1_192' title='bbox 1489 1726 1769 1768; x_wconf 88' lang='lat' dir='ltr'>ueneriarum.</span> 
     </span>
    </p>

    <p class='ocr_par' dir='ltr' id='par_1_10' title="bbox 165 1797 1996 1930">
     <span class='ocr_line' id='line_1_22' title="bbox 276 1797 1996 1855; baseline -0.001 -12"><span class='ocrx_word' id='word_1_193' title='bbox 276 1803 341 1843; x_wconf 78' lang='lat'>24.</span> <span class='ocrx_word' id='word_1_194' title='bbox 374 1803 420 1843; x_wconf 82' lang='lat' dir='ltr'>de</span> <span class='ocrx_word' id='word_1_195' title='bbox 451 1810 582 1843; x_wconf 80' lang='lat' dir='ltr'>tenero</span> <span class='ocrx_word' id='word_1_196' title='bbox 612 1816 663 1842; x_wconf 84' lang='lat' dir='ltr'>m.</span> <span class='ocrx_word' id='word_1_197' title='bbox 694 1802 834 1855; x_wconf 76' lang='lat' dir='ltr'>mzqm&#39;.</span> <span class='ocrx_word' id='word_1_198' title='bbox 895 1799 993 1842; x_wconf 89' lang='lat' dir='ltr'>Hoc</span> <span class='ocrx_word' id='word_1_199' title='bbox 1024 1799 1296 1855; x_wconf 89' lang='lat' dir='ltr'>prouerbium</span> <span class='ocrx_word' id='word_1_200' title='bbox 1328 1800 1380 1841; x_wconf 89' lang='lat' dir='ltr'>de</span> <span class='ocrx_word' id='word_1_201' title='bbox 1399 1797 1567 1842; x_wconf 86' lang='lat' dir='ltr'>Graeco</span> <span class='ocrx_word' id='word_1_202' title='bbox 1599 1807 1673 1850; x_wconf 88' lang='lat' dir='ltr'>est,</span> <span class='ocrx_word' id='word_1_203' title='bbox 1707 1801 1820 1855; x_wconf 90' lang='lat' dir='ltr'>quod</span> <span class='ocrx_word' id='word_1_204' title='bbox 1850 1800 1996 1843; x_wconf 86' lang='lat' dir='ltr'>dicunt</span> 
     </span>
     <span class='ocr_line' id='line_1_23' title="bbox 165 1873 1452 1930; baseline 0.001 -15"><span class='ocrx_word' id='word_1_205' title='bbox 165 1875 205 1920; x_wconf 77' lang='grc' dir='ltr'>ἐξ</span> <span class='ocrx_word' id='word_1_206' title='bbox 240 1875 411 1915; x_wconf 80' lang='grc' dir='ltr'>ἁπαλῶν</span> <span class='ocrx_word' id='word_1_207' title='bbox 446 1875 620 1930; x_wconf 75' lang='grc' dir='ltr'>ὀνύχων,</span> <span class='ocrx_word' id='word_1_208' title='bbox 655 1874 768 1929; x_wconf 91' lang='lat' dir='ltr'>quod</span> <span class='ocrx_word' id='word_1_209' title='bbox 800 1873 1011 1929; x_wconf 83' lang='lat' dir='ltr'>significat</span> <span class='ocrx_word' id='word_1_210' title='bbox 1041 1889 1064 1914; x_wconf 87' lang='lat' dir='ltr'>a</span> <span class='ocrx_word' id='word_1_211' title='bbox 1095 1873 1234 1929; x_wconf 84' lang='lat' dir='ltr'>prima</span> <span class='ocrx_word' id='word_1_212' title='bbox 1264 1873 1452 1916; x_wconf 85' lang='lat' dir='ltr'>infantia.</span> 
     </span>
    </p>

    <p class='ocr_par' dir='ltr' id='par_1_11' title="bbox 274 1945 1991 2005">
     <span class='ocr_line' id='line_1_24' title="bbox 274 1945 1991 2005; baseline -0.001 -15"><span class='ocrx_word' id='word_1_213' title='bbox 274 1950 340 1990; x_wconf 81' lang='lat'><strong>26.</strong></span> <span class='ocrx_word' id='word_1_214' title='bbox 372 1963 495 2005; x_wconf 75' lang='lat' dir='ltr'>neque</span> <span class='ocrx_word' id='word_1_215' title='bbox 525 1949 631 2003; x_wconf 69' lang='lat' dir='ltr'>eliqv‘c</span> <span class='ocrx_word' id='word_1_216' title='bbox 661 1949 730 1989; x_wconf 70' lang='lat' dir='ltr'>cui</span> <span class='ocrx_word' id='word_1_217' title='bbox 756 1949 792 1989; x_wconf 74' lang='lat' dir='ltr'>d.</span> <span class='ocrx_word' id='word_1_218' title='bbox 822 1948 1075 2003; x_wconf 73' lang='lat' dir='ltr'>inpermissa.</span> <span class='ocrx_word' id='word_1_219' title='bbox 1106 1961 1140 1988; x_wconf 76' lang='lat' dir='ltr'>r.</span> <span class='ocrx_word' id='word_1_220' title='bbox 1214 1945 1372 1988; x_wconf 88' lang='lat' dir='ltr'>Sensus</span> <span class='ocrx_word' id='word_1_221' title='bbox 1403 1954 1482 1988; x_wconf 85' lang='lat' dir='ltr'>est:</span> <span class='ocrx_word' id='word_1_222' title='bbox 1515 1945 1663 2002; x_wconf 88' lang='lat' dir='ltr'>Neque</span> <span class='ocrx_word' id='word_1_223' title='bbox 1696 1946 1904 2003; x_wconf 79' lang='lat' dir='ltr'>(eligit?):</span> <span class='ocrx_word' id='word_1_224' title='bbox 1939 1961 1991 1988; x_wconf 85' lang='lat' dir='ltr'>ex</span> 
     </span>
    </p>
   </div>
   <div class='ocr_carea' id='block_1_3' title="bbox 160 2078 1995 3253">
    <p class='ocr_par' dir='ltr' id='par_1_12' title="bbox 160 2078 1995 3253">
     <span class='ocr_line' id='line_1_25' title="bbox 278 2078 1991 2121; baseline -0.002 -10"><span class='ocrx_word' id='word_1_225' title='bbox 278 2081 311 2120; x_wconf 92' lang='lat'>1)</span> <span class='ocrx_word' id='word_1_226' title='bbox 338 2082 384 2112; x_wconf 75' lang='lat' dir='ltr'>uti</span> <span class='ocrx_word' id='word_1_227' title='bbox 406 2082 443 2111; x_wconf 80' lang='lat' dir='ltr'>R.</span> <span class='ocrx_word' id='word_1_228' title='bbox 493 2082 527 2121; x_wconf 89' lang='lat'>3)</span> <span class='ocrx_word' id='word_1_229' title='bbox 556 2090 717 2111; x_wconf 80' lang='lat' dir='ltr'>monaeses</span> <span class='ocrx_word' id='word_1_230' title='bbox 742 2079 888 2118; x_wconf 79' lang='lat' dir='ltr'>MR2,fh.</span> <span class='ocrx_word' id='word_1_231' title='bbox 915 2079 956 2111; x_wconf 84' lang='lat' dir='ltr'>cf.</span> <span class='ocrx_word' id='word_1_232' title='bbox 982 2079 1057 2109; x_wconf 87' lang='lat' dir='ltr'>Aer.</span> <span class='ocrx_word' id='word_1_233' title='bbox 1084 2078 1219 2108; x_wconf 82' lang='lat' dir='ltr'>monesz&#39;s</span> <span class='ocrx_word' id='word_1_234' title='bbox 1244 2089 1290 2109; x_wconf 89' lang='lat' dir='ltr'>rv.</span> <span class='ocrx_word' id='word_1_235' title='bbox 1316 2080 1474 2109; x_wconf 80' lang='lat' dir='ltr'>monaesis</span> <span class='ocrx_word' id='word_1_236' title='bbox 1492 2089 1520 2109; x_wconf 86' lang='lat' dir='ltr'>a.</span> <span class='ocrx_word' id='word_1_237' title='bbox 1538 2081 1646 2118; x_wconf 88' lang='lat' dir='ltr'>pacori</span> <span class='ocrx_word' id='word_1_238' title='bbox 1663 2079 1705 2109; x_wconf 91' lang='lat' dir='ltr'>M.</span> <span class='ocrx_word' id='word_1_239' title='bbox 1723 2080 1861 2109; x_wconf 87' lang='lat' dir='ltr'>Pachori</span> <span class='ocrx_word' id='word_1_240' title='bbox 1878 2089 1906 2108; x_wconf 86' lang='lat' dir='ltr'>a.</span> <span class='ocrx_word' id='word_1_241' title='bbox 1955 2079 1991 2118; x_wconf 85' lang='lat'>4)</span> 
     </span>
     <span class='ocr_line' id='line_1_26' title="bbox 161 2136 1992 2178; baseline -0.003 -9"><span class='ocrx_word' id='word_1_242' title='bbox 161 2139 254 2169; x_wconf 88' lang='lat' dir='ltr'>retul.</span> <span class='ocrx_word' id='word_1_243' title='bbox 280 2138 324 2168; x_wconf 87' lang='grc' dir='ltr'><strong>Μ.</strong></span> <span class='ocrx_word' id='word_1_244' title='bbox 373 2139 408 2178; x_wconf 84' lang='grc'><strong>5)</strong></span> <span class='ocrx_word' id='word_1_245' title='bbox 434 2148 504 2168; x_wconf 86' lang='lat' dir='ltr'>cum</span> <span class='ocrx_word' id='word_1_246' title='bbox 528 2138 600 2167; x_wconf 83' lang='lat' dir='ltr'><strong>MR.</strong></span> <span class='ocrx_word' id='word_1_247' title='bbox 627 2137 745 2167; x_wconf 78' lang='lat' dir='ltr'>decium</span> <span class='ocrx_word' id='word_1_248' title='bbox 770 2147 884 2167; x_wconf 83' lang='lat' dir='ltr'>saxam</span> <span class='ocrx_word' id='word_1_249' title='bbox 909 2136 940 2165; x_wconf 77' lang='lat' dir='ltr'>in</span> <span class='ocrx_word' id='word_1_250' title='bbox 964 2137 1036 2165; x_wconf 72' lang='lat' dir='ltr'>aria</span> <span class='ocrx_word' id='word_1_251' title='bbox 1060 2146 1131 2166; x_wconf 83' lang='lat' dir='ltr'>eum</span> <span class='ocrx_word' id='word_1_252' title='bbox 1150 2145 1255 2166; x_wconf 85' lang='lat' dir='ltr'>exerc.</span> <span class='ocrx_word' id='word_1_253' title='bbox 1273 2136 1316 2165; x_wconf 90' lang='lat' dir='ltr'>M.</span> <span class='ocrx_word' id='word_1_254' title='bbox 1336 2136 1456 2166; x_wconf 83' lang='lat' dir='ltr'>decium</span> <span class='ocrx_word' id='word_1_255' title='bbox 1474 2146 1556 2166; x_wconf 78' lang='lat' dir='ltr'>saxa</span> <span class='ocrx_word' id='word_1_256' title='bbox 1571 2136 1603 2165; x_wconf 79' lang='lat' dir='ltr'>in</span> <span class='ocrx_word' id='word_1_257' title='bbox 1619 2136 1719 2166; x_wconf 78' lang='lat' dir='ltr'>maria</span> <span class='ocrx_word' id='word_1_258' title='bbox 1737 2146 1807 2166; x_wconf 84' lang='lat' dir='ltr'>cmn</span> <span class='ocrx_word' id='word_1_259' title='bbox 1825 2146 1930 2166; x_wconf 83' lang='lat' dir='ltr'>exerc.</span> <span class='ocrx_word' id='word_1_260' title='bbox 1956 2136 1992 2165; x_wconf 89' lang='lat' dir='ltr'><strong>R.</strong></span> 
     </span>
     <span class='ocr_line' id='line_1_27' title="bbox 161 2191 1993 2235; baseline -0.002 -10"><span class='ocrx_word' id='word_1_261' title='bbox 161 2196 279 2226; x_wconf 84' lang='lat' dir='ltr'>Saxam</span> <span class='ocrx_word' id='word_1_262' title='bbox 297 2197 329 2225; x_wconf 91' lang='grc'>111</span> <span class='ocrx_word' id='word_1_263' title='bbox 346 2195 411 2225; x_wconf 71' lang='lat' dir='ltr'>arie</span> <span class='ocrx_word' id='word_1_264' title='bbox 424 2194 461 2224; x_wconf 90' lang='lat' dir='ltr'><strong>A.</strong></span> <span class='ocrx_word' id='word_1_265' title='bbox 477 2196 602 2224; x_wconf 82' lang='lat' dir='ltr'>decium</span> <span class='ocrx_word' id='word_1_266' title='bbox 617 2204 728 2224; x_wconf 80' lang='lat' dir='ltr'>saxam</span> <span class='ocrx_word' id='word_1_267' title='bbox 746 2204 816 2223; x_wconf 84' lang='lat' dir='ltr'>cum</span> <span class='ocrx_word' id='word_1_268' title='bbox 832 2201 938 2223; x_wconf 69' lang='lat' dir='ltr'>exerc.</span> <span class='ocrx_word' id='word_1_269' title='bbox 958 2194 987 2224; x_wconf 77' lang='lat'><strong>2.</strong></span> <span class='ocrx_word' id='word_1_270' title='bbox 1003 2194 1133 2222; x_wconf 71' lang='lat' dir='ltr'>Delium</span> <span class='ocrx_word' id='word_1_271' title='bbox 1149 2191 1319 2235; x_wconf 76' lang='lat' dir='ltr'>(dentium)</span> <span class='ocrx_word' id='word_1_272' title='bbox 1336 2203 1441 2233; x_wconf 70' lang='lat' dir='ltr'>saqam</span> <span class='ocrx_word' id='word_1_273' title='bbox 1458 2204 1529 2223; x_wconf 86' lang='lat' dir='ltr'>cum</span> <span class='ocrx_word' id='word_1_274' title='bbox 1549 2203 1651 2223; x_wconf 79' lang='lat' dir='ltr'>exerc.</span> <span class='ocrx_word' id='word_1_275' title='bbox 1670 2204 1716 2223; x_wconf 89' lang='lat' dir='ltr'>rv.</span> <span class='ocrx_word' id='word_1_276' title='bbox 1731 2194 1858 2224; x_wconf 76' lang='lat' dir='ltr'>Didium</span> <span class='ocrx_word' id='word_1_277' title='bbox 1872 2193 1993 2223; x_wconf 78' lang='lat' dir='ltr'>Saxam</span> 
     </span>
     <span class='ocr_line' id='line_1_28' title="bbox 162 2249 1995 2290; baseline -0.001 -9"><span class='ocrx_word' id='word_1_278' title='bbox 162 2262 231 2282; x_wconf 88' lang='lat' dir='ltr'>cum</span> <span class='ocrx_word' id='word_1_279' title='bbox 250 2262 352 2282; x_wconf 85' lang='lat' dir='ltr'>exere.</span> <span class='ocrx_word' id='word_1_280' title='bbox 379 2261 397 2281; x_wconf 89' lang='lat' dir='ltr'>a</span> <span class='ocrx_word' id='word_1_281' title='bbox 422 2251 557 2281; x_wconf 84' lang='lat' dir='ltr'>Decium</span> <span class='ocrx_word' id='word_1_282' title='bbox 582 2250 719 2281; x_wconf 83' lang='lat' dir='ltr'>Sextum</span> <span class='ocrx_word' id='word_1_283' title='bbox 743 2250 788 2280; x_wconf 85' lang='lat' dir='ltr'><strong>fh.</strong></span> <span class='ocrx_word' id='word_1_284' title='bbox 815 2250 936 2288; x_wconf 85' lang='lat' dir='ltr'>Scripsi</span> <span class='ocrx_word' id='word_1_285' title='bbox 962 2250 1119 2279; x_wconf 67' lang='lat' dir='ltr'>Decidium</span> <span class='ocrx_word' id='word_1_286' title='bbox 1145 2250 1260 2280; x_wconf 74' lang='lat' dir='ltr'>Saaeam</span> <span class='ocrx_word' id='word_1_287' title='bbox 1284 2250 1315 2279; x_wconf 77' lang='lat' dir='ltr'>in</span> <span class='ocrx_word' id='word_1_288' title='bbox 1340 2250 1413 2280; x_wconf 72' lang='lat' dir='ltr'>acie.</span> <span class='ocrx_word' id='word_1_289' title='bbox 1465 2249 1499 2290; x_wconf 82' lang='grc'><strong>6)</strong></span> <span class='ocrx_word' id='word_1_290' title='bbox 1518 2260 1553 2279; x_wconf 67' lang='grc'><strong>(3.1-</strong></span> <span class='ocrx_word' id='word_1_291' title='bbox 1570 2252 1690 2289; x_wconf 83' lang='lat' dir='ltr'>praeda</span> <span class='ocrx_word' id='word_1_292' title='bbox 1707 2251 1823 2280; x_wconf 80' lang='lat' dir='ltr'><strong>MAR2</strong></span> <span class='ocrx_word' id='word_1_293' title='bbox 1844 2249 1948 2289; x_wconf 84' lang='lat' dir='ltr'>(Aer.)</span> <span class='ocrx_word' id='word_1_294' title='bbox 1968 2255 1995 2280; x_wconf 81' lang='lat' dir='ltr'>et</span> 
     </span>
     <span class='ocr_line' id='line_1_29' title="bbox 160 2306 1993 2346; baseline -0.001 -8"><span class='ocrx_word' id='word_1_295' title='bbox 160 2318 227 2338; x_wconf 79' lang='lat' dir='ltr'>rva.</span> <span class='ocrx_word' id='word_1_296' title='bbox 270 2318 306 2338; x_wconf 79' lang='lat' dir='ltr'>ea</span> <span class='ocrx_word' id='word_1_297' title='bbox 330 2308 408 2344; x_wconf 83' lang='lat' dir='ltr'><strong>th.</strong></span> <span class='ocrx_word' id='word_1_298' title='bbox 450 2312 547 2337; x_wconf 77' lang='lat' dir='ltr'>antea</span> <span class='ocrx_word' id='word_1_299' title='bbox 570 2306 641 2336; x_wconf 87' lang='lat' dir='ltr'><strong>MR.</strong></span> <span class='ocrx_word' id='word_1_300' title='bbox 668 2308 736 2337; x_wconf 90' lang='lat' dir='ltr'>rell.</span> <span class='ocrx_word' id='word_1_301' title='bbox 763 2311 847 2336; x_wconf 75' lang='lat' dir='ltr'>ante.</span> <span class='ocrx_word' id='word_1_302' title='bbox 897 2307 931 2345; x_wconf 86' lang='lat'>8)</span> <span class='ocrx_word' id='word_1_303' title='bbox 961 2307 1108 2336; x_wconf 69' lang='lat' dir='ltr'>renident</span> <span class='ocrx_word' id='word_1_304' title='bbox 1131 2306 1247 2344; x_wconf 83' lang='lat' dir='ltr'>M2,rv.</span> <span class='ocrx_word' id='word_1_305' title='bbox 1281 2307 1352 2336; x_wconf 89' lang='lat' dir='ltr'>rell.</span> <span class='ocrx_word' id='word_1_306' title='bbox 1379 2308 1511 2337; x_wconf 78' lang='lat' dir='ltr'>renidet.</span> <span class='ocrx_word' id='word_1_307' title='bbox 1562 2308 1596 2346; x_wconf 88' lang='grc'>9)</span> <span class='ocrx_word' id='word_1_308' title='bbox 1623 2308 1719 2337; x_wconf 82' lang='lat' dir='ltr'>destr.</span> <span class='ocrx_word' id='word_1_309' title='bbox 1745 2307 1889 2345; x_wconf 77' lang='lat' dir='ltr'>MR2‚rv.</span> <span class='ocrx_word' id='word_1_310' title='bbox 1924 2309 1993 2337; x_wconf 82' lang='lat' dir='ltr'>rell.</span> 
     </span>
     <span class='ocr_line' id='line_1_30' title="bbox 161 2363 1992 2403; baseline -0.001 -8"><span class='ocrx_word' id='word_1_311' title='bbox 161 2365 253 2395; x_wconf 88' lang='lat' dir='ltr'>distr.</span> <span class='ocrx_word' id='word_1_312' title='bbox 306 2365 361 2403; x_wconf 91' lang='lat'>11)</span> <span class='ocrx_word' id='word_1_313' title='bbox 389 2364 462 2394; x_wconf 87' lang='lat' dir='ltr'>Fec.</span> <span class='ocrx_word' id='word_1_314' title='bbox 490 2365 534 2394; x_wconf 89' lang='lat' dir='ltr'><strong>M.</strong></span> <span class='ocrx_word' id='word_1_315' title='bbox 560 2364 680 2394; x_wconf 82' lang='lat' dir='ltr'>Nostra</span> <span class='ocrx_word' id='word_1_316' title='bbox 705 2365 833 2393; x_wconf 77' lang='lat' dir='ltr'>scilieet</span> <span class='ocrx_word' id='word_1_317' title='bbox 861 2364 989 2393; x_wconf 78' lang='lat' dir='ltr'>saecula</span> <span class='ocrx_word' id='word_1_318' title='bbox 1013 2363 1083 2392; x_wconf 80' lang='lat' dir='ltr'><strong>MR.</strong></span> <span class='ocrx_word' id='word_1_319' title='bbox 1117 2367 1227 2393; x_wconf 90' lang='lat' dir='ltr'>nostra</span> <span class='ocrx_word' id='word_1_320' title='bbox 1254 2364 1287 2393; x_wconf 87' lang='lat' dir='ltr'>id</span> <span class='ocrx_word' id='word_1_321' title='bbox 1312 2368 1361 2393; x_wconf 83' lang='lat' dir='ltr'>est</span> <span class='ocrx_word' id='word_1_322' title='bbox 1385 2373 1468 2393; x_wconf 83' lang='lat' dir='ltr'>saec.</span> <span class='ocrx_word' id='word_1_323' title='bbox 1495 2365 1525 2392; x_wconf 81' lang='lat'>2.</span> <span class='ocrx_word' id='word_1_324' title='bbox 1557 2364 1626 2393; x_wconf 86' lang='lat' dir='ltr'>rell.</span> <span class='ocrx_word' id='word_1_325' title='bbox 1653 2365 1791 2393; x_wconf 77' lang='lat' dir='ltr'>Nostrae</span> <span class='ocrx_word' id='word_1_326' title='bbox 1816 2364 1885 2393; x_wconf 86' lang='lat' dir='ltr'>scil.</span> <span class='ocrx_word' id='word_1_327' title='bbox 1913 2373 1992 2401; x_wconf 88' lang='lat' dir='ltr'>nup—</span> 
     </span>
     <span class='ocr_line' id='line_1_31' title="bbox 160 2419 1993 2460; baseline -0.001 -9"><span class='ocrx_word' id='word_1_328' title='bbox 160 2423 224 2451; x_wconf 84' lang='lat' dir='ltr'>tias</span> <span class='ocrx_word' id='word_1_329' title='bbox 249 2431 295 2460; x_wconf 88' lang='lat' dir='ltr'>pr.</span> <span class='ocrx_word' id='word_1_330' title='bbox 322 2422 387 2460; x_wconf 90' lang='lat' dir='ltr'>inq.</span> <span class='ocrx_word' id='word_1_331' title='bbox 413 2439 457 2442; x_wconf 97' lang='lat'><strong>—</strong></span> <span class='ocrx_word' id='word_1_332' title='bbox 481 2422 623 2459; x_wconf 85' lang='lat' dir='ltr'>Nuptias</span> <span class='ocrx_word' id='word_1_333' title='bbox 650 2431 695 2459; x_wconf 84' lang='lat' dir='ltr'>pr.</span> <span class='ocrx_word' id='word_1_334' title='bbox 724 2421 788 2459; x_wconf 90' lang='lat' dir='ltr'>inq.</span> <span class='ocrx_word' id='word_1_335' title='bbox 816 2429 888 2449; x_wconf 89' lang='lat' dir='ltr'>aum</span> <span class='ocrx_word' id='word_1_336' title='bbox 913 2419 995 2448; x_wconf 77' lang='lat' dir='ltr'>MR2</span> <span class='ocrx_word' id='word_1_337' title='bbox 1021 2429 1085 2450; x_wconf 89' lang='lat' dir='ltr'>non</span> <span class='ocrx_word' id='word_1_338' title='bbox 1112 2420 1249 2450; x_wconf 72' lang='lat' dir='ltr'>Acronis</span> <span class='ocrx_word' id='word_1_339' title='bbox 1277 2421 1333 2450; x_wconf 89' lang='lat' dir='ltr'>sed</span> <span class='ocrx_word' id='word_1_340' title='bbox 1350 2420 1479 2450; x_wconf 79' lang='lat' dir='ltr'>Horatii</span> <span class='ocrx_word' id='word_1_341' title='bbox 1505 2421 1603 2450; x_wconf 89' lang='lat' dir='ltr'>uerba</span> <span class='ocrx_word' id='word_1_342' title='bbox 1629 2421 1755 2450; x_wconf 87' lang='lat' dir='ltr'>induxi.</span> <span class='ocrx_word' id='word_1_343' title='bbox 1808 2420 1864 2458; x_wconf 90' lang='grc'><strong>17)</strong></span> <span class='ocrx_word' id='word_1_344' title='bbox 1892 2421 1993 2450; x_wconf 83' lang='lat' dir='ltr'>salta-</span> 
     </span>
     <span class='ocr_line' id='line_1_32' title="bbox 160 2476 1992 2515; baseline -0.002 -7"><span class='ocrx_word' id='word_1_345' title='bbox 160 2483 213 2508; x_wconf 83' lang='lat' dir='ltr'>tus</span> <span class='ocrx_word' id='word_1_346' title='bbox 238 2478 308 2508; x_wconf 87' lang='lat' dir='ltr'><strong>MR.</strong></span> <span class='ocrx_word' id='word_1_347' title='bbox 334 2478 402 2508; x_wconf 88' lang='lat' dir='ltr'>rell.</span> <span class='ocrx_word' id='word_1_348' title='bbox 429 2479 539 2508; x_wconf 74' lang='lat' dir='ltr'>saltus.</span> <span class='ocrx_word' id='word_1_349' title='bbox 567 2478 606 2507; x_wconf 83' lang='lat' dir='ltr'>cf.</span> <span class='ocrx_word' id='word_1_350' title='bbox 633 2478 707 2507; x_wconf 82' lang='lat' dir='ltr'>Aer.</span> <span class='ocrx_word' id='word_1_351' title='bbox 757 2476 859 2506; x_wconf 77' lang='lat' dir='ltr'>Saltus</span> <span class='ocrx_word' id='word_1_352' title='bbox 884 2477 944 2505; x_wconf 82' lang='lat' dir='ltr'>hoe</span> <span class='ocrx_word' id='word_1_353' title='bbox 970 2485 1065 2506; x_wconf 86' lang='lat' dir='ltr'>sensu</span> <span class='ocrx_word' id='word_1_354' title='bbox 1089 2478 1192 2506; x_wconf 85' lang='lat' dir='ltr'>rarius</span> <span class='ocrx_word' id='word_1_355' title='bbox 1218 2478 1336 2515; x_wconf 83' lang='lat' dir='ltr'>plurali</span> <span class='ocrx_word' id='word_1_356' title='bbox 1362 2478 1573 2515; x_wconf 79' lang='lat' dir='ltr'>usurpabatur</span> <span class='ocrx_word' id='word_1_357' title='bbox 1598 2486 1738 2506; x_wconf 88' lang='lat' dir='ltr'>numero.</span> <span class='ocrx_word' id='word_1_358' title='bbox 1777 2480 1902 2507; x_wconf 84' lang='lat' dir='ltr'>montes</span> <span class='ocrx_word' id='word_1_359' title='bbox 1929 2478 1992 2506; x_wconf 85' lang='lat' dir='ltr'>sal-</span> 
     </span>
     <span class='ocr_line' id='line_1_33' title="bbox 160 2532 1990 2573; baseline -0.001 -9"><span class='ocrx_word' id='word_1_360' title='bbox 160 2539 270 2573; x_wconf 68' lang='lat' dir='ltr'>tueque</span> <span class='ocrx_word' id='word_1_361' title='bbox 300 2535 415 2564; x_wconf 79' lang='lat' dir='ltr'>lustin.</span> <span class='ocrx_word' id='word_1_362' title='bbox 441 2534 553 2572; x_wconf 79' lang='lat' dir='ltr'>XLIV,</span> <span class='ocrx_word' id='word_1_363' title='bbox 581 2535 610 2563; x_wconf 87' lang='lat'><strong>4.</strong></span> <span class='ocrx_word' id='word_1_364' title='bbox 654 2535 747 2563; x_wconf 83' lang='lat' dir='ltr'>siluis</span> <span class='ocrx_word' id='word_1_365' title='bbox 773 2538 827 2563; x_wconf 81' lang='lat' dir='ltr'>aut</span> <span class='ocrx_word' id='word_1_366' title='bbox 856 2534 995 2563; x_wconf 85' lang='lat' dir='ltr'>saltibus</span> <span class='ocrx_word' id='word_1_367' title='bbox 1021 2532 1114 2563; x_wconf 81' lang='lat' dir='ltr'>Caes,</span> <span class='ocrx_word' id='word_1_368' title='bbox 1142 2534 1177 2563; x_wconf 91' lang='lat' dir='ltr'>B.</span> <span class='ocrx_word' id='word_1_369' title='bbox 1206 2533 1244 2563; x_wconf 91' lang='lat' dir='ltr'><strong>G.</strong></span> <span class='ocrx_word' id='word_1_370' title='bbox 1269 2534 1324 2571; x_wconf 78' lang='lat' dir='ltr'>VI,</span> <span class='ocrx_word' id='word_1_371' title='bbox 1352 2534 1403 2563; x_wconf 84' lang='lat'>43.</span> <span class='ocrx_word' id='word_1_372' title='bbox 1439 2535 1541 2563; x_wconf 85' lang='lat' dir='ltr'>saltus</span> <span class='ocrx_word' id='word_1_373' title='bbox 1568 2534 1731 2572; x_wconf 80' lang='lat' dir='ltr'>siluasque</span> <span class='ocrx_word' id='word_1_374' title='bbox 1755 2534 1850 2572; x_wconf 84' lang='lat' dir='ltr'>Verg.</span> <span class='ocrx_word' id='word_1_375' title='bbox 1877 2532 1915 2562; x_wconf 88' lang='lat' dir='ltr'><strong>G.</strong></span> <span class='ocrx_word' id='word_1_376' title='bbox 1937 2533 1990 2567; x_wconf 76' lang='lat' dir='ltr'>VI,</span> 
     </span>
     <span class='ocr_line' id='line_1_34' title="bbox 162 2590 1991 2629; baseline -0.001 -9"><span class='ocrx_word' id='word_1_377' title='bbox 162 2592 214 2621; x_wconf 85' lang='lat'>43.</span> <span class='ocrx_word' id='word_1_378' title='bbox 256 2592 327 2620; x_wconf 89' lang='lat' dir='ltr'>silu.</span> <span class='ocrx_word' id='word_1_379' title='bbox 354 2591 519 2629; x_wconf 80' lang='lat' dir='ltr'>saltusque</span> <span class='ocrx_word' id='word_1_380' title='bbox 542 2591 638 2629; x_wconf 83' lang='lat' dir='ltr'>Verg.</span> <span class='ocrx_word' id='word_1_381' title='bbox 665 2590 699 2620; x_wconf 84' lang='lat' dir='ltr'><strong>O.</strong></span> <span class='ocrx_word' id='word_1_382' title='bbox 726 2590 783 2627; x_wconf 73' lang='grc' dir='ltr'>ΙΙΙ,</span> <span class='ocrx_word' id='word_1_383' title='bbox 810 2591 862 2619; x_wconf 90' lang='lat'><strong>40.</strong></span> <span class='ocrx_word' id='word_1_384' title='bbox 889 2590 928 2619; x_wconf 90' lang='lat' dir='ltr'><strong>A.</strong></span> <span class='ocrx_word' id='word_1_385' title='bbox 954 2590 1007 2628; x_wconf 78' lang='lat' dir='ltr'>IV,</span> <span class='ocrx_word' id='word_1_386' title='bbox 1036 2591 1088 2619; x_wconf 81' lang='lat'>72.</span> <span class='ocrx_word' id='word_1_387' title='bbox 1115 2590 1152 2619; x_wconf 82' lang='lat' dir='ltr'>cf.</span> <span class='ocrx_word' id='word_1_388' title='bbox 1178 2590 1248 2620; x_wconf 90' lang='lat' dir='ltr'>qu.</span> <span class='ocrx_word' id='word_1_389' title='bbox 1274 2590 1343 2627; x_wconf 89' lang='lat' dir='ltr'>VII,</span> <span class='ocrx_word' id='word_1_390' title='bbox 1374 2591 1446 2619; x_wconf 79' lang='lat'>188.</span> <span class='ocrx_word' id='word_1_391' title='bbox 1485 2590 1604 2620; x_wconf 82' lang='lat' dir='ltr'>Catull.</span> <span class='ocrx_word' id='word_1_392' title='bbox 1630 2590 1776 2627; x_wconf 86' lang='lat' dir='ltr'>XXXIV,</span> <span class='ocrx_word' id='word_1_393' title='bbox 1806 2591 1856 2619; x_wconf 89' lang='lat'>10.</span> <span class='ocrx_word' id='word_1_394' title='bbox 1899 2590 1991 2619; x_wconf 82' lang='lat' dir='ltr'>salti-</span> 
     </span>
     <span class='ocr_line' id='line_1_35' title="bbox 160 2646 1991 2686; baseline -0.002 -9"><span class='ocrx_word' id='word_1_395' title='bbox 160 2649 219 2677; x_wconf 87' lang='lat' dir='ltr'>bus</span> <span class='ocrx_word' id='word_1_396' title='bbox 245 2648 448 2677; x_wconf 78' lang='lat' dir='ltr'>siluestribus</span> <span class='ocrx_word' id='word_1_397' title='bbox 472 2647 573 2676; x_wconf 84' lang='lat' dir='ltr'>Varro</span> <span class='ocrx_word' id='word_1_398' title='bbox 598 2647 634 2676; x_wconf 82' lang='lat' dir='ltr'><strong>R.</strong></span> <span class='ocrx_word' id='word_1_399' title='bbox 660 2646 697 2676; x_wconf 88' lang='lat' dir='ltr'><strong>R.</strong></span> <span class='ocrx_word' id='word_1_400' title='bbox 722 2646 763 2683; x_wconf 87' lang='lat' dir='ltr'>II,</span> <span class='ocrx_word' id='word_1_401' title='bbox 791 2647 821 2683; x_wconf 90' lang='lat'>3,</span> <span class='ocrx_word' id='word_1_402' title='bbox 849 2648 878 2676; x_wconf 87' lang='grc'>6.</span> <span class='ocrx_word' id='word_1_403' title='bbox 919 2646 1001 2675; x_wconf 86' lang='lat' dir='ltr'>Vide</span> <span class='ocrx_word' id='word_1_404' title='bbox 1027 2650 1135 2676; x_wconf 84' lang='lat' dir='ltr'>tamen</span> <span class='ocrx_word' id='word_1_405' title='bbox 1160 2646 1226 2675; x_wconf 84' lang='lat' dir='ltr'>seh.</span> <span class='ocrx_word' id='word_1_406' title='bbox 1253 2648 1380 2685; x_wconf 83' lang='lat' dir='ltr'>subseq.</span> <span class='ocrx_word' id='word_1_407' title='bbox 1433 2647 1489 2684; x_wconf 87' lang='lat'>18)</span> <span class='ocrx_word' id='word_1_408' title='bbox 1505 2647 1638 2686; x_wconf 62' lang='lat' dir='ltr'>fiqzyz&#39;tur</span> <span class='ocrx_word' id='word_1_409' title='bbox 1663 2646 1786 2676; x_wconf 64' lang='lat' dir='ltr'>ambus</span> <span class='ocrx_word' id='word_1_410' title='bbox 1812 2646 1853 2675; x_wconf 87' lang='lat' dir='ltr'><strong>M.</strong></span> <span class='ocrx_word' id='word_1_411' title='bbox 1894 2646 1991 2676; x_wconf 85' lang='lat' dir='ltr'>Vete-</span> 
     </span>
     <span class='ocr_line' id='line_1_36' title="bbox 160 2702 1990 2742; baseline -0.001 -9"><span class='ocrx_word' id='word_1_412' title='bbox 160 2714 210 2733; x_wconf 88' lang='lat' dir='ltr'>res</span> <span class='ocrx_word' id='word_1_413' title='bbox 236 2704 358 2734; x_wconf 77' lang='lat' dir='ltr'>artibus</span> <span class='ocrx_word' id='word_1_414' title='bbox 384 2714 440 2742; x_wconf 85' lang='lat' dir='ltr'>pro</span> <span class='ocrx_word' id='word_1_415' title='bbox 465 2705 596 2733; x_wconf 79' lang='lat' dir='ltr'>artubus</span> <span class='ocrx_word' id='word_1_416' title='bbox 623 2704 748 2733; x_wconf 81' lang='lat' dir='ltr'>dixisse</span> <span class='ocrx_word' id='word_1_417' title='bbox 772 2704 867 2733; x_wconf 80' lang='lat' dir='ltr'>testis</span> <span class='ocrx_word' id='word_1_418' title='bbox 894 2708 942 2732; x_wconf 88' lang='lat' dir='ltr'>est</span> <span class='ocrx_word' id='word_1_419' title='bbox 966 2703 1035 2732; x_wconf 92' lang='lat' dir='ltr'>Vel.</span> <span class='ocrx_word' id='word_1_420' title='bbox 1052 2703 1192 2741; x_wconf 82' lang='lat' dir='ltr'>Longin.</span> <span class='ocrx_word' id='word_1_421' title='bbox 1222 2704 1261 2732; x_wconf 90' lang='lat' dir='ltr'>de</span> <span class='ocrx_word' id='word_1_422' title='bbox 1290 2703 1444 2742; x_wconf 84' lang='lat' dir='ltr'>Orthogr.</span> <span class='ocrx_word' id='word_1_423' title='bbox 1471 2704 1505 2732; x_wconf 90' lang='lat' dir='ltr'><strong>P.</strong></span> <span class='ocrx_word' id='word_1_424' title='bbox 1566 2704 1621 2742; x_wconf 85' lang='lat'>19)</span> <span class='ocrx_word' id='word_1_425' title='bbox 1648 2707 1754 2733; x_wconf 88' lang='lat' dir='ltr'>autem</span> <span class='ocrx_word' id='word_1_426' title='bbox 1780 2712 1841 2732; x_wconf 89' lang='lat' dir='ltr'>om.</span> <span class='ocrx_word' id='word_1_427' title='bbox 1867 2702 1990 2740; x_wconf 73' lang='lat' dir='ltr'>MR2‚r.</span> 
     </span>
     <span class='ocr_line' id='line_1_37' title="bbox 162 2760 1990 2797; baseline -0.001 -7"><span class='ocrx_word' id='word_1_428' title='bbox 162 2762 255 2790; x_wconf 73' lang='lat' dir='ltr'>saltus</span> <span class='ocrx_word' id='word_1_429' title='bbox 279 2761 310 2790; x_wconf 93' lang='lat' dir='ltr'><strong>h.</strong></span> <span class='ocrx_word' id='word_1_430' title='bbox 338 2761 358 2790; x_wconf 90' lang='lat'>1.</span> <span class='ocrx_word' id='word_1_431' title='bbox 385 2770 468 2790; x_wconf 88' lang='lat' dir='ltr'>omn.</span> <span class='ocrx_word' id='word_1_432' title='bbox 494 2761 587 2797; x_wconf 80' lang='lat' dir='ltr'>libri,</span> <span class='ocrx_word' id='word_1_433' title='bbox 623 2764 652 2789; x_wconf 90' lang='lat' dir='ltr'>et</span> <span class='ocrx_word' id='word_1_434' title='bbox 686 2760 863 2789; x_wconf 84' lang='lat' dir='ltr'>discrimen</span> <span class='ocrx_word' id='word_1_435' title='bbox 896 2761 983 2790; x_wconf 89' lang='lat' dir='ltr'>inter</span> <span class='ocrx_word' id='word_1_436' title='bbox 1009 2761 1105 2789; x_wconf 73' lang='lat' dir='ltr'>saltus</span> <span class='ocrx_word' id='word_1_437' title='bbox 1132 2760 1295 2790; x_wconf 88' lang='lat' dir='ltr'>molliores</span> <span class='ocrx_word' id='word_1_438' title='bbox 1329 2766 1358 2790; x_wconf 84' lang='lat' dir='ltr'>et</span> <span class='ocrx_word' id='word_1_439' title='bbox 1384 2761 1512 2790; x_wconf 70' lang='lat' dir='ltr'>saltatus</span> <span class='ocrx_word' id='word_1_440' title='bbox 1544 2760 1656 2790; x_wconf 80' lang='lat' dir='ltr'>molles</span> <span class='ocrx_word' id='word_1_441' title='bbox 1681 2769 1755 2789; x_wconf 88' lang='lat' dir='ltr'>num</span> <span class='ocrx_word' id='word_1_442' title='bbox 1782 2760 1990 2789; x_wconf 81' lang='lat' dir='ltr'>statuendum</span> 
     </span>
     <span class='ocr_line' id='line_1_38' title="bbox 162 2816 1987 2856; baseline -0.001 -9"><span class='ocrx_word' id='word_1_443' title='bbox 162 2819 215 2855; x_wconf 89' lang='lat' dir='ltr'>sit,</span> <span class='ocrx_word' id='word_1_444' title='bbox 241 2818 418 2856; x_wconf 82' lang='lat' dir='ltr'>quaeritur,</span> <span class='ocrx_word' id='word_1_445' title='bbox 444 2818 489 2846; x_wconf 79' lang='lat' dir='ltr'>ita</span> <span class='ocrx_word' id='word_1_446' title='bbox 513 2822 549 2846; x_wconf 79' lang='lat' dir='ltr'>ut</span> <span class='ocrx_word' id='word_1_447' title='bbox 576 2816 678 2846; x_wconf 75' lang='lat' dir='ltr'>saltus</span> <span class='ocrx_word' id='word_1_448' title='bbox 703 2817 898 2846; x_wconf 84' lang='lat' dir='ltr'>libidinosus</span> <span class='ocrx_word' id='word_1_449' title='bbox 925 2817 1014 2846; x_wconf 82' lang='lat' dir='ltr'>aliud</span> <span class='ocrx_word' id='word_1_450' title='bbox 1042 2818 1085 2846; x_wconf 81' lang='lat' dir='ltr'>sit</span> <span class='ocrx_word' id='word_1_451' title='bbox 1111 2821 1209 2855; x_wconf 80' lang='lat' dir='ltr'>atque</span> <span class='ocrx_word' id='word_1_452' title='bbox 1235 2821 1340 2846; x_wconf 85' lang='lat' dir='ltr'>motus</span> <span class='ocrx_word' id='word_1_453' title='bbox 1367 2818 1520 2847; x_wconf 78' lang='lat' dir='ltr'>saltantis</span> <span class='ocrx_word' id='word_1_454' title='bbox 1558 2817 1627 2845; x_wconf 86' lang='lat' dir='ltr'>siue</span> <span class='ocrx_word' id='word_1_455' title='bbox 1653 2817 1811 2853; x_wconf 84' lang='lat' dir='ltr'>saltatus,</span> <span class='ocrx_word' id='word_1_456' title='bbox 1847 2817 1987 2846; x_wconf 81' lang='lat' dir='ltr'>saltatio.</span> 
     </span>
     <span class='ocr_line' id='line_1_39' title="bbox 162 2872 1990 2913; baseline -0.001 -9"><span class='ocrx_word' id='word_1_457' title='bbox 162 2874 297 2904; x_wconf 76' lang='lat' dir='ltr'>Saltatus</span> <span class='ocrx_word' id='word_1_458' title='bbox 321 2884 440 2913; x_wconf 86' lang='lat' dir='ltr'>ponere</span> <span class='ocrx_word' id='word_1_459' title='bbox 466 2884 530 2904; x_wconf 92' lang='lat' dir='ltr'>non</span> <span class='ocrx_word' id='word_1_460' title='bbox 556 2884 651 2903; x_wconf 81' lang='lat' dir='ltr'>ausus</span> <span class='ocrx_word' id='word_1_461' title='bbox 677 2883 756 2911; x_wconf 85' lang='lat' dir='ltr'>sum,</span> <span class='ocrx_word' id='word_1_462' title='bbox 783 2883 984 2912; x_wconf 84' lang='lat' dir='ltr'>quamquam.</span> <span class='ocrx_word' id='word_1_463' title='bbox 1026 2874 1080 2903; x_wconf 72' lang='lat' dir='ltr'>hoc</span> <span class='ocrx_word' id='word_1_464' title='bbox 1104 2879 1147 2903; x_wconf 80' lang='lat' dir='ltr'>est</span> <span class='ocrx_word' id='word_1_465' title='bbox 1170 2884 1231 2903; x_wconf 84' lang='lat' dir='ltr'>om.</span> <span class='ocrx_word' id='word_1_466' title='bbox 1258 2874 1423 2907; x_wconf 74' lang='lat' dir='ltr'>MR2,rva.</span> <span class='ocrx_word' id='word_1_467' title='bbox 1450 2872 1651 2902; x_wconf 80' lang='lat' dir='ltr'>ueneriarum</span> <span class='ocrx_word' id='word_1_468' title='bbox 1675 2872 1771 2909; x_wconf 81' lang='lat' dir='ltr'>M‚rv.</span> <span class='ocrx_word' id='word_1_469' title='bbox 1798 2874 1868 2902; x_wconf 86' lang='lat' dir='ltr'>rell.</span> <span class='ocrx_word' id='word_1_470' title='bbox 1895 2882 1990 2903; x_wconf 86' lang='lat' dir='ltr'>uene-</span> 
     </span>
     <span class='ocr_line' id='line_1_40' title="bbox 161 2925 1989 2974; baseline -0.001 -14"><span class='ocrx_word' id='word_1_471' title='bbox 161 2941 294 2961; x_wconf 81' lang='lat' dir='ltr'>rearum.</span> <span class='ocrx_word' id='word_1_472' title='bbox 357 2931 414 2970; x_wconf 80' lang='lat'>22)</span> <span class='ocrx_word' id='word_1_473' title='bbox 447 2928 479 2967; x_wconf 79' lang='grc' dir='ltr'>εξ</span> <span class='ocrx_word' id='word_1_474' title='bbox 503 2927 629 2961; x_wconf 51' lang='lat' dir='ltr'>analo-1</span> <span class='ocrx_word' id='word_1_475' title='bbox 657 2928 782 2974; x_wconf 73' lang='grc' dir='ltr'>ονίχων</span> <span class='ocrx_word' id='word_1_476' title='bbox 806 2931 874 2960; x_wconf 82' lang='lat' dir='ltr'>M2.</span> <span class='ocrx_word' id='word_1_477' title='bbox 909 2930 936 2959; x_wconf 83' lang='lat' dir='ltr'><strong>R</strong></span> <span class='ocrx_word' id='word_1_478' title='bbox 959 2940 1043 2960; x_wconf 86' lang='lat' dir='ltr'>more</span> <span class='ocrx_word' id='word_1_479' title='bbox 1069 2940 1125 2960; x_wconf 82' lang='lat' dir='ltr'>suo</span> <span class='ocrx_word' id='word_1_480' title='bbox 1151 2931 1257 2960; x_wconf 83' lang='lat' dir='ltr'>uerbis</span> <span class='ocrx_word' id='word_1_481' title='bbox 1283 2940 1330 2968; x_wconf 82' lang='lat' dir='ltr'>gr.</span> <span class='ocrx_word' id='word_1_482' title='bbox 1357 2930 1446 2967; x_wconf 84' lang='lat' dir='ltr'>reliq.</span> <span class='ocrx_word' id='word_1_483' title='bbox 1472 2930 1627 2958; x_wconf 80' lang='lat' dir='ltr'>lacunam.</span> <span class='ocrx_word' id='word_1_484' title='bbox 1669 2925 1701 2964; x_wconf 80' lang='grc' dir='ltr'>εξ</span> <span class='ocrx_word' id='word_1_485' title='bbox 1731 2925 1845 2959; x_wconf 77' lang='grc' dir='ltr'>απαλω</span> <span class='ocrx_word' id='word_1_486' title='bbox 1878 2938 1989 2973; x_wconf 76' lang='grc' dir='ltr'>μιχων</span> 
     </span>
     <span class='ocr_line' id='line_1_41' title="bbox 161 2983 1988 3029; baseline -0.001 -12"><span class='ocrx_word' id='word_1_487' title='bbox 161 2997 186 3017; x_wconf 90' lang='lat' dir='ltr'>r.</span> <span class='ocrx_word' id='word_1_488' title='bbox 227 2985 261 3024; x_wconf 79' lang='grc' dir='ltr'>εζ</span> <span class='ocrx_word' id='word_1_489' title='bbox 285 2983 415 3018; x_wconf 74' lang='grc' dir='ltr'>απαλων</span> <span class='ocrx_word' id='word_1_490' title='bbox 441 2996 575 3029; x_wconf 71' lang='grc' dir='ltr'>ονοχων</span> <span class='ocrx_word' id='word_1_491' title='bbox 601 2986 636 3025; x_wconf 88' lang='lat' dir='ltr'>(p</span> <span class='ocrx_word' id='word_1_492' title='bbox 654 3001 698 3017; x_wconf 59' lang='lat' dir='ltr'><em>z</em></span> <span class='ocrx_word' id='word_1_493' title='bbox 715 2988 745 3027; x_wconf 81' lang='grc' dir='ltr'><strong>ν)</strong></span> <span class='ocrx_word' id='word_1_494' title='bbox 778 2997 809 3017; x_wconf 81' lang='lat' dir='ltr'><strong>v.</strong></span> <span class='ocrx_word' id='word_1_495' title='bbox 834 2986 899 3016; x_wconf 82' lang='lat' dir='ltr'>afh.</span> <span class='ocrx_word' id='word_1_496' title='bbox 925 2991 960 3017; x_wconf 80' lang='lat' dir='ltr'>ut</span> <span class='ocrx_word' id='word_1_497' title='bbox 987 2996 1091 3026; x_wconf 85' lang='lat' dir='ltr'>supra.</span> <span class='ocrx_word' id='word_1_498' title='bbox 1141 2985 1199 3026; x_wconf 79' lang='lat'>23)</span> <span class='ocrx_word' id='word_1_499' title='bbox 1225 2986 1392 3016; x_wconf 74' lang='lat' dir='ltr'>intermissa</span> <span class='ocrx_word' id='word_1_500' title='bbox 1417 2986 1516 3015; x_wconf 87' lang='lat' dir='ltr'>etiam</span> <span class='ocrx_word' id='word_1_501' title='bbox 1542 2986 1574 3014; x_wconf 90' lang='lat' dir='ltr'>in</span> <span class='ocrx_word' id='word_1_502' title='bbox 1599 2985 1715 3015; x_wconf 84' lang='lat' dir='ltr'>lemma</span> <span class='ocrx_word' id='word_1_503' title='bbox 1739 2985 1823 3023; x_wconf 85' lang='lat' dir='ltr'>M‚rv</span> <span class='ocrx_word' id='word_1_504' title='bbox 1847 2987 1988 3022; x_wconf 80' lang='lat' dir='ltr'>transiit,</span> 
     </span>
     <span class='ocr_line' id='line_1_42' title="bbox 162 3041 1988 3083; baseline -0.002 -10"><span class='ocrx_word' id='word_1_505' title='bbox 162 3045 230 3073; x_wconf 88' lang='lat' dir='ltr'>rell.</span> <span class='ocrx_word' id='word_1_506' title='bbox 249 3044 455 3083; x_wconf 77' lang='lat' dir='ltr'>impermissa.</span> <span class='ocrx_word' id='word_1_507' title='bbox 475 3061 515 3064; x_wconf 53' lang='lat'>»—</span> <span class='ocrx_word' id='word_1_508' title='bbox 531 3042 576 3079; x_wconf 84' lang='lat' dir='ltr'>Q:</span> <span class='ocrx_word' id='word_1_509' title='bbox 605 3044 674 3073; x_wconf 87' lang='lat' dir='ltr'>‘hoc</span> <span class='ocrx_word' id='word_1_510' title='bbox 700 3053 822 3082; x_wconf 86' lang='lat' dir='ltr'>quoque</span> <span class='ocrx_word' id='word_1_511' title='bbox 849 3045 948 3073; x_wconf 86' lang='lat' dir='ltr'>schol.</span> <span class='ocrx_word' id='word_1_512' title='bbox 975 3045 1049 3073; x_wconf 75' lang='lat' dir='ltr'>aliis</span> <span class='ocrx_word' id='word_1_513' title='bbox 1082 3043 1315 3072; x_wconf 87' lang='lat' dir='ltr'>emendandum</span> <span class='ocrx_word' id='word_1_514' title='bbox 1341 3042 1509 3080; x_wconf 58' lang='lat' dir='ltr'>relinquos</span> <span class='ocrx_word' id='word_1_515' title='bbox 1535 3041 1654 3071; x_wconf 81' lang='lat' dir='ltr'>Iterum</span> <span class='ocrx_word' id='word_1_516' title='bbox 1679 3043 1729 3072; x_wconf 91' lang='lat' dir='ltr'>uir</span> <span class='ocrx_word' id='word_1_517' title='bbox 1761 3043 1888 3071; x_wconf 88' lang='lat' dir='ltr'>iuuenis</span> <span class='ocrx_word' id='word_1_518' title='bbox 1915 3043 1988 3078; x_wconf 87' lang='lat' dir='ltr'>iste,</span> 
     </span>
     <span class='ocr_line' id='line_1_43' title="bbox 163 3099 1988 3139; baseline -0.001 -10"><span class='ocrx_word' id='word_1_519' title='bbox 163 3104 255 3130; x_wconf 82' lang='lat' dir='ltr'>tanta</span> <span class='ocrx_word' id='word_1_520' title='bbox 271 3102 405 3130; x_wconf 86' lang='lat' dir='ltr'>leuitate</span> <span class='ocrx_word' id='word_1_521' title='bbox 423 3110 459 3130; x_wconf 84' lang='lat' dir='ltr'>ae</span> <span class='ocrx_word' id='word_1_522' title='bbox 483 3101 666 3131; x_wconf 85' lang='lat' dir='ltr'>temeritate</span> <span class='ocrx_word' id='word_1_523' title='bbox 685 3101 846 3139; x_wconf 84' lang='lat' dir='ltr'>insignem</span> <span class='ocrx_word' id='word_1_524' title='bbox 864 3110 956 3139; x_wconf 87' lang='lat' dir='ltr'>quem</span> <span class='ocrx_word' id='word_1_525' title='bbox 982 3101 1166 3130; x_wconf 75' lang='lat' dir='ltr'>sexcenties</span> <span class='ocrx_word' id='word_1_526' title='bbox 1192 3099 1414 3137; x_wconf 68' lang='lat' dir='ltr'>cog-nouimus,</span> <span class='ocrx_word' id='word_1_527' title='bbox 1442 3099 1618 3136; x_wconf 82' lang='lat' dir='ltr'>imparatus</span> <span class='ocrx_word' id='word_1_528' title='bbox 1644 3102 1675 3128; x_wconf 81' lang='lat' dir='ltr'>et</span> <span class='ocrx_word' id='word_1_529' title='bbox 1701 3100 1804 3137; x_wconf 87' lang='lat' dir='ltr'>impar</span> <span class='ocrx_word' id='word_1_530' title='bbox 1828 3102 1865 3128; x_wconf 81' lang='lat' dir='ltr'>ut</span> <span class='ocrx_word' id='word_1_531' title='bbox 1890 3100 1988 3128; x_wconf 83' lang='lat' dir='ltr'>totius</span> 
     </span>
     <span class='ocr_line' id='line_1_44' title="bbox 162 3156 1987 3196; baseline -0.001 -11"><span class='ocrx_word' id='word_1_532' title='bbox 162 3157 281 3186; x_wconf 84' lang='lat' dir='ltr'>laboris</span> <span class='ocrx_word' id='word_1_533' title='bbox 308 3157 353 3186; x_wconf 87' lang='lat' dir='ltr'>sic</span> <span class='ocrx_word' id='word_1_534' title='bbox 370 3157 467 3187; x_wconf 87' lang='lat' dir='ltr'>huius</span> <span class='ocrx_word' id='word_1_535' title='bbox 491 3158 553 3187; x_wconf 86' lang='lat' dir='ltr'>loci</span> <span class='ocrx_word' id='word_1_536' title='bbox 579 3162 721 3196; x_wconf 81' lang='lat' dir='ltr'>apparet.</span> <span class='ocrx_word' id='word_1_537' title='bbox 764 3157 894 3188; x_wconf 86' lang='lat' dir='ltr'>Scilicet</span> <span class='ocrx_word' id='word_1_538' title='bbox 920 3159 987 3187; x_wconf 85' lang='lat' dir='ltr'>sine</span> <span class='ocrx_word' id='word_1_539' title='bbox 1013 3158 1109 3186; x_wconf 82' lang='lat' dir='ltr'>libris</span> <span class='ocrx_word' id='word_1_540' title='bbox 1135 3157 1280 3194; x_wconf 87' lang='lat' dir='ltr'>antiquis</span> <span class='ocrx_word' id='word_1_541' title='bbox 1306 3160 1335 3185; x_wconf 88' lang='lat' dir='ltr'>et</span> <span class='ocrx_word' id='word_1_542' title='bbox 1361 3157 1482 3194; x_wconf 87' lang='lat' dir='ltr'>absque</span> <span class='ocrx_word' id='word_1_543' title='bbox 1507 3157 1636 3194; x_wconf 86' lang='lat' dir='ltr'>ingenio</span> <span class='ocrx_word' id='word_1_544' title='bbox 1655 3156 1801 3186; x_wconf 83' lang='lat' dir='ltr'>difficilia</span> <span class='ocrx_word' id='word_1_545' title='bbox 1818 3157 1987 3186; x_wconf 86' lang='lat' dir='ltr'>emendare</span> 
     </span>
     <span class='ocr_line' id='line_1_45' title="bbox 162 3212 1963 3253; baseline 0 -12"><span class='ocrx_word' id='word_1_546' title='bbox 162 3212 357 3251; x_wconf 82' lang='lat' dir='ltr'>perdifficile</span> <span class='ocrx_word' id='word_1_547' title='bbox 382 3217 439 3242; x_wconf 82' lang='lat' dir='ltr'>est.</span> <span class='ocrx_word' id='word_1_548' title='bbox 480 3218 549 3251; x_wconf 78' lang='lat' dir='ltr'>post</span> <span class='ocrx_word' id='word_1_549' title='bbox 572 3224 663 3253; x_wconf 77' lang='lat' dir='ltr'>neque</span> <span class='ocrx_word' id='word_1_550' title='bbox 688 3224 729 3244; x_wconf 86' lang='lat' dir='ltr'>ex</span> <span class='ocrx_word' id='word_1_551' title='bbox 754 3215 905 3245; x_wconf 85' lang='lat' dir='ltr'>lemmate</span> <span class='ocrx_word' id='word_1_552' title='bbox 930 3215 1139 3252; x_wconf 85' lang='lat' dir='ltr'>repetendum</span> <span class='ocrx_word' id='word_1_553' title='bbox 1165 3213 1294 3243; x_wconf 86' lang='lat' dir='ltr'>uidetur</span> <span class='ocrx_word' id='word_1_554' title='bbox 1318 3212 1406 3252; x_wconf 65' lang='lat' dir='ltr'>eligit.</span> <span class='ocrx_word' id='word_1_555' title='bbox 1434 3223 1474 3242; x_wconf 88' lang='lat' dir='ltr'>ex</span> <span class='ocrx_word' id='word_1_556' title='bbox 1500 3214 1665 3243; x_wconf 86' lang='lat' dir='ltr'>occasione</span> <span class='ocrx_word' id='word_1_557' title='bbox 1691 3213 1780 3242; x_wconf 86' lang='lat' dir='ltr'>Suet.</span> <span class='ocrx_word' id='word_1_558' title='bbox 1799 3212 1891 3243; x_wconf 86' lang='lat' dir='ltr'>Caes.</span> <span class='ocrx_word' id='word_1_559' title='bbox 1912 3214 1963 3242; x_wconf 84' lang='lat'><strong>60.</strong></span> 
     </span>
    </p>
   </div>
   <div class='ocr_carea' id='block_1_4' title="bbox 1738 3283 1786 3307">
    <p class='ocr_par' dir='ltr' id='par_1_13' title="bbox 1738 3283 1786 3307">
     <span class='ocr_line' id='line_1_46' title="bbox 1738 3283 1786 3307; baseline 0 0"><span class='ocrx_word' id='word_1_560' title='bbox 1738 3283 1786 3307; x_wconf 76' lang='lat'>19*</span> 
     </span>
    </p>
   </div>
   <div class='ocr_carea' id='block_1_5' title="bbox 2024 1007 2061 1036">
    <p class='ocr_par' dir='ltr' id='par_1_14' title="bbox 2024 1007 2061 1036">
     <span class='ocr_line' id='line_1_47' title="bbox 2024 1007 2061 1036; baseline -0.054 0"><span class='ocrx_word' id='word_1_561' title='bbox 2024 1007 2061 1036; x_wconf 78' lang='lat' dir='ltr'>ll)</span> 
     </span>
    </p>
   </div>
   <div class='ocr_carea' id='block_1_6' title="bbox 2025 1372 2061 1402">
    <p class='ocr_par' dir='ltr' id='par_1_15' title="bbox 2025 1372 2061 1402">
     <span class='ocr_line' id='line_1_48' title="bbox 2025 1372 2061 1402; baseline -0.028 0"><span class='ocrx_word' id='word_1_562' title='bbox 2025 1372 2061 1402; x_wconf 77' lang='lat'>15</span> 
     </span>
    </p>
   </div>
   <div class='ocr_carea' id='block_1_7' title="bbox 2020 1738 2061 1769">
    <p class='ocr_par' dir='ltr' id='par_1_16' title="bbox 2020 1738 2061 1769">
     <span class='ocr_line' id='line_1_49' title="bbox 2020 1738 2061 1769; baseline 0 0"><span class='ocrx_word' id='word_1_563' title='bbox 2020 1738 2061 1769; x_wconf 80' lang='lat'>20</span> 
     </span>
    </p>
   </div>
  </div>
 </body>
</html>
