2170 3460
173 629 190 659 5

176 993 187 1023 ]
198 996 216 1023 U

185 2092 203 2121 Ιό

208 2091 219 2116 *Q

233 192 259 231 4
872 196 978 229 ACR..
1003 195 1064 227 ET
1088 193 1254 227 PORPH.
1280 193 1428 226 coMM.

349 327 414 368 18.
445 323 646 365 indocilis.
705 320 791 363 Pro
822 319 1015 361 indoctus
1047 318 1116 360 uel
1145 316 1370 372 impatiens
1402 314 1669 372 [pauperiem
1698 312 1822 369 pati].

350 400 414 439 19.
432 407 484 439 ese
496 398 574 454 qui.
596 395 673 437 Est
692 395 762 449 qui
779 394 1008 435 delectatur
1029 390 1234 433 conuiuiis
1251 388 1479 445 apparatis,
1496 394 1541 428 ut
1563 386 1807 428 continuare
1822 387 1924 428 uelit
1938 387 2062 428 diem.

349 472 529 515 Massici.
587 469 729 510 Locus
760 475 821 509 est
850 467 894 507 in
925 463 1177 519 Campania,
1207 462 1281 504 ubi
1311 461 1470 517 optima
1500 461 1601 501 uina
1630 466 1871 510 nascuntur,

360 547 468 600 Verq.
501 544 559 594 (6.
592 541 670 592 III,
704 542 805 595 526)
837 540 961 595 Atque?
986 553 1068 579 non
1098 537 1279 579 Massica
1315 535 1472 576 Bacchi
1499 534 1689 576 Munera.

352 620 418 659 29.
452 616 560 673 [Nec
582 624 755 670 partem.
806 612 930 653 Duae
952 609 1231 665 abnegatiuae
1254 607 1486 663 particulae
1517 606 1586 647 hic
1615 621 1692 661 pro
1712 621 1797 647 una
1818 605 2065 662 ponuntur].

356 691 526 748 [solido.
560 687 758 744 integro]

354 766 522 806 Demere
554 764 598 804 ‹le
631 763 704 802 «lie.
766 758 939 801 Scilicet
975 762 1017 797 ut
1049 770 1134 797 non
1164 754 1429 804 intermittat,
1462 754 1497 795 si
1529 752 1740 795 continuet
1771 752 1974 795 laetitiam
2003 759 2066 795 to-

241 840 322 880 tius
353 838 450 879 dici.

353 912 436 954 Nec
462 918 675 966 partem..
706 907 860 962 spernit
892 904 1090 961 [Λιτότης.
1123 901 1227 943 dicit
1256 900 1360 942 alios
1391 901 1478 941 uita
1508 900 1685 942 lautiore
1720 899 1954 956 delectari]

355 984 536 1025 uiridi..
570 981 725 1022 arbuto.
786 978 883 1020 Hoc
914 984 988 1027 est,
1019 977 1111 1018 loco
1143 989 1319 1016 amoeno
1350 979 1390 1015 et
1421 974 1629 1015 conuiuiis
1661 980 1772 1029 apto.

356 1059 421 1098 21.
454 1056 629 1098 membra
651 1070 682 1095 s.
707 1069 744 1094 a.
766 1060 931 1094 stratas.
980 1049 1161 1107 [Figura
1183 1055 1242 1090 est
1265 1047 1542 1103 synecdoche,
1574 1054 1618 1089 ut
1652 1049 1759 1104 Verq.
1792 1046 1866 1102 (A.
1887 1047 1922 1098 I,
1946 1046 2068 1103 228):

244 1132 384 1174 oculus
415 1131 573 1186 suffusa
603 1128 763 1169 nitentis
793 1140 892 1181 pro:
924 1123 1083 1165 habens
1113 1121 1303 1164 membra
1334 1128 1463 1163 strata
1494 1121 1570 1163 sub
1600 1120 1729 1163 uiridi
1759 1119 1944 1177 arbore]

357 1206 423 1245 22.
456 1218 583 1259 aquae
614 1202 639 1243 Ι.
674 1216 707 1241 e.
739 1214 894 1241 sacrae.
957 1196 1110 1240 Omnis
1151 1195 1263 1237 enim
1303 1197 1396 1237 fons
1433 1195 1477 1236 in
1508 1195 1657 1251 orgine
1688 1210 1762 1237 sua
1793 1209 1912 1236 sacer
1941 1200 2003 1236 est
2033 1199 2074 1235 et

246 1278 382 1320 sonitu
413 1292 486 1319 suo
517 1275 663 1317 suadet
693 1274 818 1315 etiam
850 1286 1029 1314 somnos.

359 1352 423 1392 23.
456 1351 602 1392 multos
635 1357 771 1390 eastra
801 1346 1021 1395 delectant,
1057 1351 1102 1386 ut
1132 1343 1284 1399 (Verg.
1317 1342 1371 1384 A.
1403 1342 1484 1393 III,
1522 1343 1624 1398 282)
1669 1344 1786 1384 iuuat
1815 1346 1990 1384 euasisse
2021 1348 2077 1382 tot

247 1426 365 1467 arbes
397 1424 625 1479 A‘rqole'eas.

361 1499 458 1540 lituo
499 1498 611 1538 tibae.
672 1494 789 1536 Litui
827 1499 972 1535 acutus
1010 1507 1135 1534 sonus
1172 1498 1246 1541 est,
1293 1490 1417 1532 tubae
1458 1489 1611 1546 grauis.
1674 1488 1809 1546 [Inter
1846 1488 1996 1530 lituum
2035 1493 2077 1529 et

247 1572 390 1613 tubam
419 1571 498 1613 hoc
529 1570 571 1610 in
603 1568 787 1623 antiquis
817 1567 973 1608 distare
1004 1565 1168 1607 inueni:
1201 1565 1327 1606 lituus
1358 1563 1545 1618 equitum
1576 1569 1638 1605 est
1667 1570 1707 1604 et
1731 1562 1944 1613 incuruus,
1975 1560 2076 1602 tuba

248 1661 346 1687 vcro
376 1645 565 1700 peditum
596 1650 635 1684 et
665 1640 858 1697 directa]

362 1720 426 1759 24.
459 1719 524 1760 25.
559 1717 752 1758 matribus
785 1715 983 1756 detestata.
1042 1711 1225 1767 Propter
1254 1716 1408 1753 mortes
1438 1710 1632 1761 filiorum,
1667 1710 1766 1765 quia
1795 1709 1840 1750 in
1869 1708 1980 1751 bello
2001 1723 2076 1765 pe-

249 1800 369 1833 rcunt
406 1791 487 1831 uiri
528 1798 565 1831 et
604 1789 890 1830 adulescentes
928 1785 1127 1837 (animosi
1163 1786 1334 1839 atqueP)
1379 1784 1536 1826 incauti
1574 1791 1681 1825 sunt.
1740 1783 1843 1825 Ideo
1881 1789 1922 1825 et
1964 1783 2076 1838 Verq.

250 1864 322 1912 (A.
355 1864 477 1913 VIII,
511 1865 612 1917 5:3ss)
643 1871 737 1904 uota
770 1870 873 1902 meta
906 1860 1118 1916 duplicant
1147 1866 1308 1900 matres.

361 1939 426 1979 25.
465 1938 536 1979 sab
578 1937 685 1977 Ioae.
751 1934 896 1976 Iouem
932 1935 1071 1975 ae'rem
1102 1932 1220 1987 ponit
1261 1940 1299 1972 et
1338 1941 1588 1973 nocturnum
1619 1937 1803 1986 tempus,
1850 1945 1932 1985 quo
1977 1929 2078 1972 feris

250 2011 445 2061 tenditur,
485 2025 533 2051 ac
571 2024 646 2064 per
684 2009 761 2049 hoc
799 2007 901 2048 dicit
937 2006 1030 2047 aliis
1061 2005 1325 2046 venationem
1357 2005 1539 2060 plaeere,
1579 2005 1637 2046 ita
1667 2012 1713 2046 ut
1742 2019 1826 2046 non
1858 2003 2080 2060 capiantur

218 2103 224 2117 ν
252 2085 401 2126 affeetu
433 2084 671 2137 coniugum,
704 2082 803 2122 dum
834 2081 995 2136 eligunt
1024 2079 1283 2134 uoluptatem
1314 2078 1510 2120 uenandi.

365 2158 430 2198 26.
453 2165 610 2198 tenerae
628 2156 819 2209 conz'uyz's.
855 2152 942 2195 Aut
963 2153 1180 2202 delicatae,
1203 2159 1271 2193 aut
1292 2167 1429 2207 nuper
1450 2153 1492 2193 in
1513 2151 1826 2194 matrimonium
1848 2151 2079 2207 copulatae.

367 2232 433 2270 27.
467 2231 611 2271 catalis
641 2229 833 2285 fidelibus,
895 2225 1143 2282 Sagacibus,
1176 2232 1220 2266 ut
1258 2227 1367 2281 Verq.
1429 2225 1526 2281 (IV,
1561 2227 1681 2281 132):
1715 2235 1746 2267 el
1777 2226 1905 2267 odora
1936 2240 2081 2266 canam

256 2305 330 2351 uis,
364 2303 430 2344 uel
462 2302 671 2344 silentium
703 2301 745 2341 in
776 2300 1025 2356 uestigando
1055 2299 1331 2350 seruantibus,
1364 2306 1407 2341 ut
1433 2301 1589 2341 Lucra.
1624 2298 1720 2354 (IV,
1755 2299 1902 2354 1220):
1937 2306 1972 2340 et
1999 2299 2081 2354 fida

256 2391 399 2417 canam
433 2377 505 2417 uis.

371 2569 402 2606 1)
429 2568 533 2598 Scliol.
567 2578 627 2597 0111.
666 2568 706 2604 A,
737 2577 830 2606 paup.
863 2567 929 2604 pati
966 2575 1025 2595 om.
1071 2565 1235 2603 11›‹1C‚rm.
1266 2566 1376 2604 impat.
1402 2566 1592 2605 paupertatis
1616 2566 1696 2606 Rye.
1745 2566 1780 2606 2)
1814 2565 1920 2596 Schol.
1953 2575 2014 2596 om.
2040 2566 2081 2602 A,

255 2626 373 2664 paratis
401 2626 451 2661 lul,
470 2636 493 2654 r.
544 2626 578 2663 3)
606 2625 706 2653 Locus
720 2624 812 2662 Verg.
832 2633 873 2652 ex
898 2623 996 2661 ARy,
1023 2622 1091 2661 Rye
1116 2623 1254 2652 addunt:
1281 2626 1311 2652 et
1338 2633 1446 2653 rursus
1472 2623 1580 2662 (Vel-g.
1601 2623 1639 2653 G.
1666 2623 1706 2659 II,
1735 2623 1833 2662 143):
1857 2622 1910 2652 sed
1929 2633 2021 2662 yram.
2040 2639 2078 2643 -—

255 2683 342 2711 lactu.
391 2684 425 2719 4)
456 2682 559 2711 Schol.
593 2692 653 2710 oui.
685 2681 746 2710 Aa
797 2682 831 2719 6)
858 2690 905 2709 oni
925 2680 1017 2708 ANd.
1068 2681 1101 2718 7)
1128 2681 1289 2709 interimat
1315 2685 1368 2719 ¹5³
1396 2681 1451 2709 sed
1476 2680 1505 2709 ιἠ.
1523 2681 1678 2709 laetitiam
1703 2680 1871 2709 continuet
1895 2689 1986 2709 ‘unam
2002 2687 2082 2718 par-

255 2744 310 2767 tem
334 2739 395 2767 «liei
415 2739 450 2766 (J.
489 2739 523 2776 ’.1)
549 2738 669 2766 inclusa
686 2748 746 2767 om.
775 2737 802 2765 A
815 2739 845 2774 2,
871 2746 910 2765 ex
939 2736 1053 2773 l'orph.
1094 2736 1149 2774 10)
1175 2737 1237 2765 Jloc
1262 2740 1303 2765 est
1326 2736 1480 2774 loco-apto
1494 2735 1578 2766 ARC
1589 2737 1655 2773 der,
1681 2737 1919 2775 Amoena-apta
1943 2735 2082 2766 mvcafh.

262 2797 313 2825 111
341 2794 454 2823 'sotum
478 2795 573 2822 schol.
599 2794 722 2830 0111.A;
753 2793 953 2833 synecdoche
979 2801 1019 2820 ex
1039 2791 1075 2828 G,
1102 2791 1239 2829 figurate
1265 2793 1296 2829 d,
1323 2793 1494 2829 figuratiue
1511 2803 1534 2822 r.
1594 2794 1649 2832 15)
1674 2793 1844 2823 Delectant
1859 2792 1900 2830 A,
1927 2792 1998 2822 alii:
2026 2801 2084 2822 ex-

257 2851 400 2879 vrcitium
428 2851 565 2879 militare
592 2851 745 2885 delet-tau
779 2851 838 2879 loc.
868 2850 964 2885 Verg.
993 2859 1054 2877 om.
1083 2849 1139 2877 NR
1163 2853 1224 2878 etc.
1278 2849 1332 2887 17)
1360 2849 1474 2879 Totum
1500 2850 1598 2879 schol.
1624 2859 1686 2879 om.
1715 2851 1744 2886 2,
1770 2849 1996 2879 Inter-directa
2020 2858 2081 2878 om.

257 2908 284 2935 A
300 2909 324 2935 l.
378 2908 433 2942 23⁴»)
464 2907 611 2935 latrvvrata
630 2912 756 2944 propter
773 2907 862 2936 codd.
883 2916 962 2935 rece.
984 2910 1014 2934 ct
1031 2905 1113 2939 edd..
1134 2906 1313 2935 execranda
1332 2906 1409 2944 Rye,
1436 2910 1549 2936 mortes
1566 2906 1595 2935 A
1606 2907 1654 2943 dr,
1672 2909 1800 2935 mortem
1816 2906 1884 2935 rell.
1936 2906 1994 2945 21)
2011 2905 2085 2944 quia

258 2964 336 2999 (quav
361 2962 442 2999 msh)
470 2963 498 2991 in
518 2963 600 2991 bello
622 2963 711 2999 paeri
734 2968 760 2992 ec
783 2963 979 2992 adolescentes
1004 2962 1105 3000 (adul.
1136 2962 1180 3000 A)
1210 2962 1395 2992 animositate
1427 2964 1545 2992 incauti
1571 2967 1645 2992 sunt
1670 2962 1840 3001 ANRcyt,
1874 2962 2020 2998 mvcafh3
2046 2962 2082 2990 d:

258 3020 333 3056 quia.
358 3019 387 3047 in
414 3019 498 3047 bello
517 3023 644 3056 percant
669 3019 729 3048 uiri
754 3026 785 3049 vt
810 3021 1030 3050 adulescentes
1049 3037 1090 3039 —
1109 3019 1265 3048 animosi?
1286 3037 1326 3040 ψ»
1345 3023 1375 3049 et
1400 3020 1520 3049 incauti
1555 3022 1678 3055 sunt,r:
1706 3019 1760 3057 qui
1783 3019 1815 3048 in
1840 3019 1924 3047 bello
1949 3022 2085 3056 pereunt

258 3077 309 3113 qui
343 3076 399 3104 uiri
431 3080 461 3104 et
492 3076 707 3105 adulescentes
733 3077 937 3107 animosiores
963 3081 994 3106 et
1026 3077 1146 3106 incauti
1179 3080 1266 3106 sunt.
1317 3077 1373 3114 22)
1400 3079 1430 3105 uc
1462 3076 1540 3113 nirg.
1575 3074 1757 3105 Cinrvcafh.
1790 3074 1861 3104 Loe.
1894 3073 1989 3112 Verg.
2021 3083 2082 3103 om.

259 3131 314 3160 Nl:
346 3136 404 3161 etc.
437 3132 579 3161 affectum
605 3132 744 3170 coniugia*
768 3133 807 3169 A,
834 3134 1009 3171 uoluptates
1032 3133 1138 3163 vcafh.
1189 3133 1245 3171 25)
1272 3133 1300 3161 in
1327 3136 1420 3162 matr.
1446 3136 1582 3170 acceplae
1607 3131 1644 3161 O.
1696 3132 1752 3171 27)
1770 3130 1840 3161 Hoc
1865 3130 1962 3160 schol.
1989 3139 2029 3160 ex
2054 3130 2083 3159 A

259 3189 419 3218 constitui.
444 3188 472 3215 1⁸11
501 3189 688 3223 vestigando
714 3197 768 3224 pro
794 3189 901 3219 invest.
929 3191 996 3228 ipae
1022 3189 1123 3227 posui.

2158 3049 2170 3135 a*
