<?xml version="1.0" encoding="UTF-8"?>
<!DOCTYPE html PUBLIC "-//W3C//DTD XHTML 1.0 Transitional//EN"
    "http://www.w3.org/TR/xhtml1/DTD/xhtml1-transitional.dtd">
<html xmlns="http://www.w3.org/1999/xhtml" xml:lang="en" lang="en">
 <head>
  <title>
</title>
<meta http-equiv="Content-Type" content="text/html;charset=utf-8" />
  <meta name='ocr-system' content='tesseract 3.04.00' />
  <meta name='ocr-capabilities' content='ocr_page ocr_carea ocr_par ocr_line ocrx_word'/>
</head>
<body>
  <div class='ocr_page' id='page_1' title='image "acronisetporphyr01pseuuoft_0381.png"; bbox 0 0 2283 3535; ppageno 0'>
   <div class='ocr_carea' id='block_1_1' title="bbox 1911 210 1961 250">
    <p class='ocr_par' dir='ltr' id='par_1_1' title="bbox 1911 210 1961 250">
     <span class='ocr_line' id='line_1_1' title="bbox 1911 211 1932 250; textangle 90"><span class='ocrx_word' id='word_1_1' title='bbox 1911 211 1932 250; x_wconf 58' lang='lat'>27!</span> 
     </span>
     <span class='ocr_line' id='line_1_2' title="bbox 1939 210 1961 250; textangle 90"><span class='ocrx_word' id='word_1_2' title='bbox 1939 210 1961 250; x_wconf 57' lang='lat'>251</span> 
     </span>
    </p>
   </div>
   <div class='ocr_carea' id='block_1_2' title="bbox 858 210 1905 253">
    <p class='ocr_par' dir='ltr' id='par_1_2' title="bbox 858 210 1905 253">
     <span class='ocr_line' id='line_1_3' title="bbox 858 210 1905 253; baseline 0.003 -7"><span class='ocrx_word' id='word_1_3' title='bbox 858 216 906 246; x_wconf 81' lang='lat' dir='ltr'>IN</span> <span class='ocrx_word' id='word_1_4' title='bbox 933 215 1075 247; x_wconf 77' lang='lat' dir='ltr'>CARM.</span> <span class='ocrx_word' id='word_1_5' title='bbox 1101 215 1162 253; x_wconf 78' lang='lat'>111,</span> <span class='ocrx_word' id='word_1_6' title='bbox 1182 218 1233 248; x_wconf 71' lang='lat'>24.</span> <span class='ocrx_word' id='word_1_7' title='bbox 1881 210 1905 249; x_wconf 88' lang='lat'><strong>3</strong></span> 
     </span>
    </p>
   </div>
   <div class='ocr_carea' id='block_1_3' title="bbox 134 337 1963 1129">
    <p class='ocr_par' dir='ltr' id='par_1_3' title="bbox 251 337 1156 393">
     <span class='ocr_line' id='line_1_4' title="bbox 251 337 1156 393; baseline -0.002 -14"><span class='ocrx_word' id='word_1_8' title='bbox 251 339 314 380; x_wconf 87' lang='lat'>57.</span> <span class='ocrx_word' id='word_1_9' title='bbox 349 339 495 381; x_wconf 78' lang='lat' dir='ltr'>trocho.</span> <span class='ocrx_word' id='word_1_10' title='bbox 526 338 647 380; x_wconf 89' lang='lat' dir='ltr'>Rota.</span> <span class='ocrx_word' id='word_1_11' title='bbox 679 339 806 379; x_wconf 74' lang='lat' dir='ltr'>malis.</span> <span class='ocrx_word' id='word_1_12' title='bbox 867 337 1011 393; x_wconf 81' lang='lat' dir='ltr'>Magis</span> <span class='ocrx_word' id='word_1_13' title='bbox 1041 337 1156 379; x_wconf 86' lang='lat' dir='ltr'>velis.</span> 
     </span>
    </p>

    <p class='ocr_par' dir='ltr' id='par_1_4' title="bbox 136 410 1960 527">
     <span class='ocr_line' id='line_1_5' title="bbox 250 410 1960 469; baseline 0.002 -16"><span class='ocrx_word' id='word_1_14' title='bbox 250 413 314 453; x_wconf 76' lang='lat'>58.</span> <span class='ocrx_word' id='word_1_15' title='bbox 346 413 469 453; x_wconf 73' lang='lat' dir='ltr'>uetita</span> <span class='ocrx_word' id='word_1_16' title='bbox 501 412 570 466; x_wconf 68' lang='lat' dir='ltr'>less.</span> <span class='ocrx_word' id='word_1_17' title='bbox 602 412 651 452; x_wconf 82' lang='lat' dir='ltr'>al.</span> <span class='ocrx_word' id='word_1_18' title='bbox 712 410 903 466; x_wconf 77' lang='lat' dir='ltr'>Legibus</span> <span class='ocrx_word' id='word_1_19' title='bbox 933 410 1044 451; x_wconf 89' lang='lat' dir='ltr'>enim</span> <span class='ocrx_word' id='word_1_20' title='bbox 1074 410 1188 451; x_wconf 87' lang='lat' dir='ltr'>lusus</span> <span class='ocrx_word' id='word_1_21' title='bbox 1219 410 1334 451; x_wconf 89' lang='lat' dir='ltr'>aleae</span> <span class='ocrx_word' id='word_1_22' title='bbox 1366 412 1595 466; x_wconf 86' lang='lat' dir='ltr'>puniuntur</span> <span class='ocrx_word' id='word_1_23' title='bbox 1636 421 1808 469; x_wconf 87' lang='lat' dir='ltr'>propter</span> <span class='ocrx_word' id='word_1_24' title='bbox 1838 415 1960 455; x_wconf 88' lang='lat' dir='ltr'>nudi—</span> 
     </span>
     <span class='ocr_line' id='line_1_6' title="bbox 136 485 480 527; baseline -0.003 -1"><span class='ocrx_word' id='word_1_25' title='bbox 136 485 232 527; x_wconf 84' lang='lat' dir='ltr'>tatis</span> <span class='ocrx_word' id='word_1_26' title='bbox 263 485 480 526; x_wconf 86' lang='lat' dir='ltr'>incestum.</span> 
     </span>
    </p>

    <p class='ocr_par' dir='ltr' id='par_1_5' title="bbox 136 554 1960 686">
     <span class='ocr_line' id='line_1_7' title="bbox 248 554 1960 616; baseline 0.001 -16"><span class='ocrx_word' id='word_1_27' title='bbox 248 559 313 601; x_wconf 78' lang='lat'>59.</span> <span class='ocrx_word' id='word_1_28' title='bbox 347 572 436 599; x_wconf 79' lang='lat' dir='ltr'>cum</span> <span class='ocrx_word' id='word_1_29' title='bbox 462 559 629 613; x_wconf 61' lang='lat' dir='ltr'>periura</span> <span class='ocrx_word' id='word_1_30' title='bbox 654 566 764 614; x_wconf 77' lang='lat' dir='ltr'>patr.</span> <span class='ocrx_word' id='word_1_31' title='bbox 791 557 859 611; x_wconf 79' lang='lat' dir='ltr'>sid.</span> <span class='ocrx_word' id='word_1_32' title='bbox 932 554 1042 597; x_wconf 85' lang='lat' dir='ltr'>Cum</span> <span class='ocrx_word' id='word_1_33' title='bbox 1084 557 1215 611; x_wconf 86' lang='lat' dir='ltr'>patris</span> <span class='ocrx_word' id='word_1_34' title='bbox 1255 557 1439 598; x_wconf 83' lang='lat' dir='ltr'>familiae</span> <span class='ocrx_word' id='word_1_35' title='bbox 1479 557 1581 599; x_wconf 82' lang='lat' dir='ltr'>fides</span> <span class='ocrx_word' id='word_1_36' title='bbox 1612 559 1666 599; x_wconf 86' lang='lat' dir='ltr'>ad</span> <span class='ocrx_word' id='word_1_37' title='bbox 1697 574 1960 616; x_wconf 77' lang='lat' dir='ltr'>congregan-</span> 
     </span>
     <span class='ocr_line' id='line_1_8' title="bbox 136 629 1539 686; baseline -0.001 -13"><span class='ocrx_word' id='word_1_38' title='bbox 136 632 231 673; x_wconf 85' lang='lat' dir='ltr'>dam</span> <span class='ocrx_word' id='word_1_39' title='bbox 263 632 403 673; x_wconf 88' lang='lat' dir='ltr'>heredi</span> <span class='ocrx_word' id='word_1_40' title='bbox 434 631 657 686; x_wconf 89' lang='lat' dir='ltr'>pecuniam</span> <span class='ocrx_word' id='word_1_41' title='bbox 688 630 858 685; x_wconf 86' lang='lat' dir='ltr'>periura</span> <span class='ocrx_word' id='word_1_42' title='bbox 889 636 926 670; x_wconf 84' lang='lat' dir='ltr'>ct</span> <span class='ocrx_word' id='word_1_43' title='bbox 960 630 1094 671; x_wconf 85' lang='lat' dir='ltr'>socios</span> <span class='ocrx_word' id='word_1_44' title='bbox 1126 629 1241 670; x_wconf 85' lang='lat' dir='ltr'>fallat</span> <span class='ocrx_word' id='word_1_45' title='bbox 1272 637 1309 670; x_wconf 83' lang='lat' dir='ltr'>et</span> <span class='ocrx_word' id='word_1_46' title='bbox 1341 630 1539 685; x_wconf 78' lang='lat' dir='ltr'>hospites.</span> 
     </span>
    </p>

    <p class='ocr_par' dir='ltr' id='par_1_6' title="bbox 134 702 1960 967">
     <span class='ocr_line' id='line_1_9' title="bbox 248 702 1960 761; baseline 0.001 -15"><span class='ocrx_word' id='word_1_47' title='bbox 248 706 313 746; x_wconf 82' lang='lat'>61.</span> <span class='ocrx_word' id='word_1_48' title='bbox 346 705 532 760; x_wconf 59' lang='lat' dir='ltr'>e&#39;nde&#39;q‘noq</span> <span class='ocrx_word' id='word_1_49' title='bbox 557 720 643 761; x_wconf 78' lang='lat' dir='ltr'>pec.</span> <span class='ocrx_word' id='word_1_50' title='bbox 703 702 837 752; x_wconf 83' lang='lat' dir='ltr'>Hace,</span> <span class='ocrx_word' id='word_1_51' title='bbox 870 703 1018 757; x_wconf 86' lang='lat' dir='ltr'>inquit,</span> <span class='ocrx_word' id='word_1_52' title='bbox 1051 718 1156 757; x_wconf 88' lang='lat' dir='ltr'>quac</span> <span class='ocrx_word' id='word_1_53' title='bbox 1189 718 1263 757; x_wconf 89' lang='lat' dir='ltr'>pcr</span> <span class='ocrx_word' id='word_1_54' title='bbox 1294 703 1428 745; x_wconf 86' lang='lat' dir='ltr'>scelus</span> <span class='ocrx_word' id='word_1_55' title='bbox 1458 703 1749 758; x_wconf 82' lang='lat' dir='ltr'>adquiruntur,</span> <span class='ocrx_word' id='word_1_56' title='bbox 1783 720 1960 760; x_wconf 74' lang='lat' dir='ltr'>congre-</span> 
     </span>
     <span class='ocr_line' id='line_1_10' title="bbox 135 776 1960 835; baseline 0 -16"><span class='ocrx_word' id='word_1_57' title='bbox 135 779 252 835; x_wconf 84' lang='lat' dir='ltr'>ganti</span> <span class='ocrx_word' id='word_1_58' title='bbox 282 778 387 819; x_wconf 83' lang='lat' dir='ltr'>nihil</span> <span class='ocrx_word' id='word_1_59' title='bbox 417 786 605 833; x_wconf 86' lang='lat' dir='ltr'>prosunt,</span> <span class='ocrx_word' id='word_1_60' title='bbox 651 777 748 818; x_wconf 88' lang='lat' dir='ltr'>dum</span> <span class='ocrx_word' id='word_1_61' title='bbox 786 776 930 817; x_wconf 80' lang='lat' dir='ltr'>relicta</span> <span class='ocrx_word' id='word_1_62' title='bbox 967 776 1155 832; x_wconf 78' lang='lat' dir='ltr'>indignis</span> <span class='ocrx_word' id='word_1_63' title='bbox 1192 777 1418 818; x_wconf 77' lang='lat' dir='ltr'>heredibus</span> <span class='ocrx_word' id='word_1_64' title='bbox 1455 791 1529 831; x_wconf 89' lang='lat' dir='ltr'>pcr</span> <span class='ocrx_word' id='word_1_65' title='bbox 1566 777 1774 819; x_wconf 85' lang='lat' dir='ltr'>luxuriam</span> <span class='ocrx_word' id='word_1_66' title='bbox 1812 793 1960 820; x_wconf 89' lang='lat' dir='ltr'>consu-</span> 
     </span>
     <span class='ocr_line' id='line_1_11' title="bbox 134 849 1960 907; baseline 0 -14"><span class='ocrx_word' id='word_1_67' title='bbox 134 858 314 901; x_wconf 88' lang='lat' dir='ltr'>muntur,</span> <span class='ocrx_word' id='word_1_68' title='bbox 355 859 399 893; x_wconf 87' lang='lat' dir='ltr'>ut</span> <span class='ocrx_word' id='word_1_69' title='bbox 430 849 531 907; x_wconf 85' lang='lat' dir='ltr'>(Cn.</span> <span class='ocrx_word' id='word_1_70' title='bbox 562 849 698 891; x_wconf 88' lang='lat' dir='ltr'>Naeui</span> <span class='ocrx_word' id='word_1_71' title='bbox 730 850 880 905; x_wconf 84' lang='lat' dir='ltr'>fragm.</span> <span class='ocrx_word' id='word_1_72' title='bbox 913 850 964 890; x_wconf 80' lang='lat' dir='ltr'>5ss</span> <span class='ocrx_word' id='word_1_73' title='bbox 998 849 1110 904; x_wconf 88' lang='lat' dir='ltr'>apud</span> <span class='ocrx_word' id='word_1_74' title='bbox 1140 849 1388 905; x_wconf 85' lang='lat' dir='ltr'>Ribbeck.):</span> <span class='ocrx_word' id='word_1_75' title='bbox 1436 852 1537 893; x_wconf 81' lang='lat' dir='ltr'>male</span> <span class='ocrx_word' id='word_1_76' title='bbox 1560 860 1684 907; x_wconf 77' lang='lat' dir='ltr'>parta</span> <span class='ocrx_word' id='word_1_77' title='bbox 1714 853 1816 893; x_wconf 64' lang='lat' dir='ltr'>ortale</span> <span class='ocrx_word' id='word_1_78' title='bbox 1847 853 1960 893; x_wconf 66' lang='lat' dir='ltr'>dila-</span> 
     </span>
     <span class='ocr_line' id='line_1_12' title="bbox 136 927 298 967; baseline -0.012 0"><span class='ocrx_word' id='word_1_79' title='bbox 136 927 298 967; x_wconf 75' lang='lat' dir='ltr'>buntur.</span> 
     </span>
    </p>

    <p class='ocr_par' dir='ltr' id='par_1_7' title="bbox 135 996 1963 1129">
     <span class='ocr_line' id='line_1_13' title="bbox 247 996 1963 1055; baseline 0 -15"><span class='ocrx_word' id='word_1_80' title='bbox 247 1000 311 1040; x_wconf 81' lang='lat'>64.</span> <span class='ocrx_word' id='word_1_81' title='bbox 349 998 508 1040; x_wconf 79' lang='lat' dir='ltr'>Curtae.</span> <span class='ocrx_word' id='word_1_82' title='bbox 566 996 687 1050; x_wconf 81' lang='lat' dir='ltr'>Quae</span> <span class='ocrx_word' id='word_1_83' title='bbox 709 1011 938 1052; x_wconf 87' lang='lat' dir='ltr'>numquam</span> <span class='ocrx_word' id='word_1_84' title='bbox 960 1002 1131 1046; x_wconf 85' lang='lat' dir='ltr'>crescat,</span> <span class='ocrx_word' id='word_1_85' title='bbox 1163 1001 1208 1037; x_wconf 88' lang='lat' dir='ltr'>ut</span> <span class='ocrx_word' id='word_1_86' title='bbox 1229 996 1419 1038; x_wconf 84' lang='lat' dir='ltr'>sufficere</span> <span class='ocrx_word' id='word_1_87' title='bbox 1439 996 1644 1039; x_wconf 87' lang='lat' dir='ltr'>uideatur.</span> <span class='ocrx_word' id='word_1_88' title='bbox 1703 999 1844 1043; x_wconf 68' lang='lat' dir='ltr'>Nescio</span> <span class='ocrx_word' id='word_1_89' title='bbox 1866 1000 1963 1055; x_wconf 66' lang='lat' dir='ltr'>qztid</span> 
     </span>
     <span class='ocr_line' id='line_1_14' title="bbox 135 1069 1341 1129; baseline -0.003 -15"><span class='ocrx_word' id='word_1_90' title='bbox 135 1087 291 1129; x_wconf 72' lang='lat' dir='ltr'>semper</span> <span class='ocrx_word' id='word_1_91' title='bbox 321 1072 428 1113; x_wconf 78' lang='lat' dir='ltr'>abest</span> <span class='ocrx_word' id='word_1_92' title='bbox 457 1073 527 1113; x_wconf 70' lang='lat' dir='ltr'>rei.</span> <span class='ocrx_word' id='word_1_93' title='bbox 590 1069 793 1126; x_wconf 85' lang='lat' dir='ltr'>Cupidini</span> <span class='ocrx_word' id='word_1_94' title='bbox 826 1084 991 1125; x_wconf 80' lang='lat' dir='ltr'>semper</span> <span class='ocrx_word' id='word_1_95' title='bbox 1022 1069 1182 1124; x_wconf 86' lang='lat' dir='ltr'>aliquid</span> <span class='ocrx_word' id='word_1_96' title='bbox 1214 1069 1341 1111; x_wconf 81' lang='lat' dir='ltr'>deest..</span> 
     </span>
    </p>
   </div>
   <div class='ocr_carea' id='block_1_4' title="bbox 867 1199 1218 1243">
    <p class='ocr_par' dir='ltr' id='par_1_8' title="bbox 867 1199 1218 1243">
     <span class='ocr_line' id='line_1_15' title="bbox 867 1199 1218 1243; baseline 0 -1"><span class='ocrx_word' id='word_1_97' title='bbox 867 1199 1218 1243; x_wconf 84' lang='lat' dir='ltr'>PORPHYRION.</span> 
     </span>
    </p>
   </div>
   <div class='ocr_carea' id='block_1_5' title="bbox 245 1290 1960 1348">
    <p class='ocr_par' dir='ltr' id='par_1_9' title="bbox 245 1290 1960 1348">
     <span class='ocr_line' id='line_1_16' title="bbox 245 1290 1960 1348; baseline -0.001 -15"><span class='ocrx_word' id='word_1_98' title='bbox 245 1293 410 1333; x_wconf 73' lang='lat' dir='ltr'>Intactis</span> <span class='ocrx_word' id='word_1_99' title='bbox 442 1307 500 1348; x_wconf 83' lang='lat' dir='ltr'>op.</span> <span class='ocrx_word' id='word_1_100' title='bbox 534 1292 626 1333; x_wconf 76' lang='lat' dir='ltr'>tlzes.</span> <span class='ocrx_word' id='word_1_101' title='bbox 686 1290 783 1332; x_wconf 88' lang='lat' dir='ltr'>Hac</span> <span class='ocrx_word' id='word_1_102' title='bbox 813 1290 890 1331; x_wconf 88' lang='lat' dir='ltr'>ode</span> <span class='ocrx_word' id='word_1_103' title='bbox 922 1290 1177 1346; x_wconf 82' lang='lat' dir='ltr'>generaliter</span> <span class='ocrx_word' id='word_1_104' title='bbox 1197 1290 1409 1331; x_wconf 88' lang='lat' dir='ltr'>inuehitur</span> <span class='ocrx_word' id='word_1_105' title='bbox 1439 1291 1482 1331; x_wconf 89' lang='lat' dir='ltr'>in</span> <span class='ocrx_word' id='word_1_106' title='bbox 1513 1290 1720 1331; x_wconf 85' lang='lat' dir='ltr'>luxuriam</span> <span class='ocrx_word' id='word_1_107' title='bbox 1755 1290 1960 1348; x_wconf 90' lang='lat' dir='ltr'>[omnem]</span> 
     </span>
    </p>
   </div>
   <div class='ocr_carea' id='block_1_6' title="bbox 133 1363 2026 1421">
    <p class='ocr_par' dir='ltr' id='par_1_10' title="bbox 133 1363 2026 1421">
     <span class='ocr_line' id='line_1_17' title="bbox 133 1363 2026 1421; baseline -0.003 -14"><span class='ocrx_word' id='word_1_108' title='bbox 133 1366 274 1407; x_wconf 80' lang='lat' dir='ltr'>omnia</span> <span class='ocrx_word' id='word_1_109' title='bbox 308 1366 600 1421; x_wconf 84' lang='lat' dir='ltr'>profanantem</span> <span class='ocrx_word' id='word_1_110' title='bbox 631 1371 671 1405; x_wconf 86' lang='lat' dir='ltr'>ct</span> <span class='ocrx_word' id='word_1_111' title='bbox 708 1363 910 1405; x_wconf 88' lang='lat' dir='ltr'>aedificiis</span> <span class='ocrx_word' id='word_1_112' title='bbox 949 1364 1070 1405; x_wconf 90' lang='lat' dir='ltr'>nouis</span> <span class='ocrx_word' id='word_1_113' title='bbox 1107 1378 1192 1405; x_wconf 89' lang='lat' dir='ltr'>non</span> <span class='ocrx_word' id='word_1_114' title='bbox 1231 1371 1387 1405; x_wconf 88' lang='lat' dir='ltr'>terram</span> <span class='ocrx_word' id='word_1_115' title='bbox 1433 1370 1607 1414; x_wconf 85' lang='lat' dir='ltr'>tantum,</span> <span class='ocrx_word' id='word_1_116' title='bbox 1654 1378 1800 1406; x_wconf 89' lang='lat' dir='ltr'>uerum</span> <span class='ocrx_word' id='word_1_117' title='bbox 1838 1365 1963 1406; x_wconf 89' lang='lat' dir='ltr'>etiam</span> <span class='ocrx_word' id='word_1_118' title='bbox 2013 1376 2026 1402; x_wconf 65' lang='grc' dir='ltr'>Γ</span> 
     </span>
    </p>
   </div>
   <div class='ocr_carea' id='block_1_7' title="bbox 133 1440 1966 2437">
    <p class='ocr_par' dir='ltr' id='par_1_11' title="bbox 133 1440 573 1494">
     <span class='ocr_line' id='line_1_18' title="bbox 133 1440 573 1494; baseline -0.005 -13"><span class='ocrx_word' id='word_1_119' title='bbox 133 1440 266 1481; x_wconf 85' lang='lat' dir='ltr'>maria</span> <span class='ocrx_word' id='word_1_120' title='bbox 287 1446 573 1494; x_wconf 79' lang='lat' dir='ltr'>occupantem.</span> 
     </span>
    </p>

    <p class='ocr_par' dir='ltr' id='par_1_12' title="bbox 134 1509 1966 1935">
     <span class='ocr_line' id='line_1_19' title="bbox 247 1509 1964 1569; baseline -0.001 -15"><span class='ocrx_word' id='word_1_121' title='bbox 247 1514 284 1554; x_wconf 88' lang='grc'>5.</span> <span class='ocrx_word' id='word_1_122' title='bbox 316 1515 353 1555; x_wconf 80' lang='lat' dir='ltr'>si</span> <span class='ocrx_word' id='word_1_123' title='bbox 377 1513 463 1569; x_wconf 72' lang='lat' dir='ltr'>fiqe&#39;t</span> <span class='ocrx_word' id='word_1_124' title='bbox 492 1528 527 1553; x_wconf 80' lang='lat' dir='ltr'>a.</span> <span class='ocrx_word' id='word_1_125' title='bbox 559 1528 589 1553; x_wconf 90' lang='lat' dir='ltr'>s.</span> <span class='ocrx_word' id='word_1_126' title='bbox 621 1513 758 1554; x_wconf 65' lang='lat' dir='ltr'>uerae.</span> <span class='ocrx_word' id='word_1_127' title='bbox 790 1512 880 1553; x_wconf 68' lang='lat' dir='ltr'>dira</span> <span class='ocrx_word' id='word_1_128' title='bbox 913 1512 1144 1553; x_wconf 74' lang='lat' dir='ltr'>Necessitas.</span> <span class='ocrx_word' id='word_1_129' title='bbox 1205 1509 1507 1552; x_wconf 86' lang='lat' dir='ltr'>Necessitatem</span> <span class='ocrx_word' id='word_1_130' title='bbox 1539 1510 1607 1552; x_wconf 91' lang='lat' dir='ltr'>hic</span> <span class='ocrx_word' id='word_1_131' title='bbox 1629 1525 1705 1565; x_wconf 90' lang='lat' dir='ltr'>pro</span> <span class='ocrx_word' id='word_1_132' title='bbox 1726 1518 1858 1552; x_wconf 87' lang='lat' dir='ltr'>morte</span> <span class='ocrx_word' id='word_1_133' title='bbox 1889 1527 1964 1566; x_wconf 92' lang='lat' dir='ltr'>po-</span> 
     </span>
     <span class='ocr_line' id='line_1_20' title="bbox 134 1584 1966 1640; baseline -0.002 -12"><span class='ocrx_word' id='word_1_134' title='bbox 134 1587 226 1629; x_wconf 82' lang='lat' dir='ltr'>suit.</span> <span class='ocrx_word' id='word_1_135' title='bbox 288 1585 446 1628; x_wconf 84' lang='lat' dir='ltr'>Sensus</span> <span class='ocrx_word' id='word_1_136' title='bbox 477 1592 637 1626; x_wconf 85' lang='lat' dir='ltr'>autem:</span> <span class='ocrx_word' id='word_1_137' title='bbox 685 1585 876 1640; x_wconf 87' lang='lat' dir='ltr'>quamuis</span> <span class='ocrx_word' id='word_1_138' title='bbox 908 1585 1037 1626; x_wconf 85' lang='lat' dir='ltr'>multa</span> <span class='ocrx_word' id='word_1_139' title='bbox 1067 1584 1208 1640; x_wconf 89' lang='lat' dir='ltr'>ampla</span> <span class='ocrx_word' id='word_1_140' title='bbox 1239 1584 1470 1639; x_wconf 83' lang='lat' dir='ltr'>possideas,</span> <span class='ocrx_word' id='word_1_141' title='bbox 1517 1599 1600 1625; x_wconf 92' lang='lat' dir='ltr'>non</span> <span class='ocrx_word' id='word_1_142' title='bbox 1632 1590 1771 1625; x_wconf 88' lang='lat' dir='ltr'>tamen</span> <span class='ocrx_word' id='word_1_143' title='bbox 1803 1585 1966 1626; x_wconf 84' lang='lat' dir='ltr'>sincera</span> 
     </span>
     <span class='ocr_line' id='line_1_21' title="bbox 138 1657 1965 1714; baseline -0.001 -13"><span class='ocrx_word' id='word_1_144' title='bbox 138 1660 349 1701; x_wconf 88' lang='lat' dir='ltr'>uoluntate</span> <span class='ocrx_word' id='word_1_145' title='bbox 380 1659 444 1700; x_wconf 90' lang='lat' dir='ltr'>his</span> <span class='ocrx_word' id='word_1_146' title='bbox 476 1659 558 1700; x_wconf 86' lang='lat' dir='ltr'>frui</span> <span class='ocrx_word' id='word_1_147' title='bbox 589 1665 719 1713; x_wconf 83' lang='lat' dir='ltr'>potes,</span> <span class='ocrx_word' id='word_1_148' title='bbox 760 1658 917 1714; x_wconf 86' lang='lat' dir='ltr'>quippe</span> <span class='ocrx_word' id='word_1_149' title='bbox 950 1673 1044 1700; x_wconf 88' lang='lat' dir='ltr'>cum</span> <span class='ocrx_word' id='word_1_150' title='bbox 1075 1658 1321 1699; x_wconf 84' lang='lat' dir='ltr'>necessitate</span> <span class='ocrx_word' id='word_1_151' title='bbox 1352 1657 1497 1699; x_wconf 87' lang='lat' dir='ltr'>mortis</span> <span class='ocrx_word' id='word_1_152' title='bbox 1527 1664 1567 1698; x_wconf 88' lang='lat' dir='ltr'>te</span> <span class='ocrx_word' id='word_1_153' title='bbox 1598 1657 1844 1699; x_wconf 87' lang='lat' dir='ltr'>obstrictum</span> <span class='ocrx_word' id='word_1_154' title='bbox 1875 1674 1965 1700; x_wconf 88' lang='lat' dir='ltr'>esse</span> 
     </span>
     <span class='ocr_line' id='line_1_22' title="bbox 134 1731 1966 1787; baseline -0.001 -12"><span class='ocrx_word' id='word_1_155' title='bbox 134 1733 253 1783; x_wconf 87' lang='lat' dir='ltr'>scias,</span> <span class='ocrx_word' id='word_1_156' title='bbox 284 1747 362 1774; x_wconf 88' lang='lat' dir='ltr'>nec</span> <span class='ocrx_word' id='word_1_157' title='bbox 392 1732 526 1787; x_wconf 89' lang='lat' dir='ltr'>possis</span> <span class='ocrx_word' id='word_1_158' title='bbox 557 1732 654 1772; x_wconf 89' lang='lat' dir='ltr'>inde</span> <span class='ocrx_word' id='word_1_159' title='bbox 684 1739 723 1772; x_wconf 90' lang='lat' dir='ltr'>te</span> <span class='ocrx_word' id='word_1_160' title='bbox 754 1732 838 1773; x_wconf 91' lang='lat' dir='ltr'>ullo</span> <span class='ocrx_word' id='word_1_161' title='bbox 870 1731 1055 1774; x_wconf 86' lang='lat' dir='ltr'>remedio</span> <span class='ocrx_word' id='word_1_162' title='bbox 1087 1738 1157 1772; x_wconf 87' lang='lat' dir='ltr'>aut</span> <span class='ocrx_word' id='word_1_163' title='bbox 1176 1731 1365 1786; x_wconf 87' lang='lat' dir='ltr'>praemio</span> <span class='ocrx_word' id='word_1_164' title='bbox 1395 1731 1613 1772; x_wconf 80' lang='lat' dir='ltr'>redimere.</span> <span class='ocrx_word' id='word_1_165' title='bbox 1674 1732 1966 1775; x_wconf 53' lang='lat' dir='ltr'>,zldmmmtabzos</span> 
     </span>
     <span class='ocr_line' id='line_1_23' title="bbox 134 1804 1965 1861; baseline 0 -14"><span class='ocrx_word' id='word_1_166' title='bbox 134 1813 271 1848; x_wconf 89' lang='lat' dir='ltr'>autem</span> <span class='ocrx_word' id='word_1_167' title='bbox 303 1807 441 1848; x_wconf 77' lang='lat' dir='ltr'>clauos</span> <span class='ocrx_word' id='word_1_168' title='bbox 471 1820 548 1861; x_wconf 90' lang='lat' dir='ltr'>pro</span> <span class='ocrx_word' id='word_1_169' title='bbox 578 1805 825 1847; x_wconf 85' lang='lat' dir='ltr'>necessitate</span> <span class='ocrx_word' id='word_1_170' title='bbox 846 1806 1005 1856; x_wconf 86' lang='lat' dir='ltr'>mortis,</span> <span class='ocrx_word' id='word_1_171' title='bbox 1038 1820 1143 1859; x_wconf 89' lang='lat' dir='ltr'>quae</span> <span class='ocrx_word' id='word_1_172' title='bbox 1175 1805 1280 1846; x_wconf 89' lang='lat' dir='ltr'>dura</span> <span class='ocrx_word' id='word_1_173' title='bbox 1311 1812 1371 1846; x_wconf 86' lang='lat' dir='ltr'>est</span> <span class='ocrx_word' id='word_1_174' title='bbox 1393 1812 1433 1845; x_wconf 91' lang='lat' dir='ltr'>et.</span> <span class='ocrx_word' id='word_1_175' title='bbox 1454 1804 1725 1856; x_wconf 85' lang='lat' dir='ltr'>inmutabilis,</span> <span class='ocrx_word' id='word_1_176' title='bbox 1748 1821 1833 1847; x_wconf 89' lang='lat' dir='ltr'>non</span> <span class='ocrx_word' id='word_1_177' title='bbox 1853 1806 1965 1847; x_wconf 85' lang='lat' dir='ltr'>mala</span> 
     </span>
     <span class='ocr_line' id='line_1_24' title="bbox 134 1879 700 1935; baseline -0.004 -13"><span class='ocrx_word' id='word_1_178' title='bbox 134 1880 407 1935; x_wconf 83' lang='lat' dir='ltr'>conceptione</span> <span class='ocrx_word' id='word_1_179' title='bbox 438 1879 595 1921; x_wconf 90' lang='lat' dir='ltr'>dictum</span> <span class='ocrx_word' id='word_1_180' title='bbox 627 1886 700 1920; x_wconf 90' lang='lat' dir='ltr'>est.</span> 
     </span>
    </p>

    <p class='ocr_par' dir='ltr' id='par_1_13' title="bbox 133 1952 1966 2156">
     <span class='ocr_line' id='line_1_25' title="bbox 247 1952 1966 2009; baseline -0.001 -14"><span class='ocrx_word' id='word_1_181' title='bbox 247 1955 283 1995; x_wconf 83' lang='lat'>9.</span> <span class='ocrx_word' id='word_1_182' title='bbox 317 1962 553 2009; x_wconf 75' lang='lat' dir='ltr'>campestres</span> <span class='ocrx_word' id='word_1_183' title='bbox 583 1968 633 1994; x_wconf 80' lang='lat' dir='ltr'>m.</span> <span class='ocrx_word' id='word_1_184' title='bbox 666 1952 728 1994; x_wconf 82' lang='lat' dir='ltr'>Se.</span> <span class='ocrx_word' id='word_1_185' title='bbox 795 1952 1040 2009; x_wconf 73' lang='lat' dir='ltr'>Campestres</span> <span class='ocrx_word' id='word_1_186' title='bbox 1079 1952 1262 2008; x_wconf 78' lang='lat' dir='ltr'>Scythae,</span> <span class='ocrx_word' id='word_1_187' title='bbox 1302 1952 1413 2006; x_wconf 85' lang='lat' dir='ltr'>quod</span> <span class='ocrx_word' id='word_1_188' title='bbox 1454 1952 1497 1992; x_wconf 89' lang='lat' dir='ltr'>in</span> <span class='ocrx_word' id='word_1_189' title='bbox 1534 1952 1695 2006; x_wconf 89' lang='lat' dir='ltr'>campis</span> <span class='ocrx_word' id='word_1_190' title='bbox 1726 1952 1815 1993; x_wconf 90' lang='lat' dir='ltr'>sine</span> <span class='ocrx_word' id='word_1_191' title='bbox 1846 1953 1966 1994; x_wconf 91' lang='lat' dir='ltr'>tectis</span> 
     </span>
     <span class='ocr_line' id='line_1_26' title="bbox 133 2024 1965 2083; baseline -0.001 -15"><span class='ocrx_word' id='word_1_192' title='bbox 133 2027 291 2078; x_wconf 86' lang='lat' dir='ltr'>uiuant,</span> <span class='ocrx_word' id='word_1_193' title='bbox 323 2027 424 2069; x_wconf 86' lang='lat' dir='ltr'>dicti</span> <span class='ocrx_word' id='word_1_194' title='bbox 455 2034 561 2076; x_wconf 89' lang='lat' dir='ltr'>sunt,</span> <span class='ocrx_word' id='word_1_195' title='bbox 594 2027 644 2067; x_wconf 89' lang='lat' dir='ltr'>de</span> <span class='ocrx_word' id='word_1_196' title='bbox 677 2026 828 2081; x_wconf 90' lang='lat' dir='ltr'>quibus</span> <span class='ocrx_word' id='word_1_197' title='bbox 860 2033 900 2068; x_wconf 92' lang='lat' dir='ltr'>et</span> <span class='ocrx_word' id='word_1_198' title='bbox 929 2027 1080 2067; x_wconf 71' lang='lat' dir='ltr'>Salust.</span> <span class='ocrx_word' id='word_1_199' title='bbox 1111 2025 1172 2067; x_wconf 89' lang='lat' dir='ltr'>sic</span> <span class='ocrx_word' id='word_1_200' title='bbox 1202 2025 1260 2066; x_wconf 90' lang='lat' dir='ltr'>ait</span> <span class='ocrx_word' id='word_1_201' title='bbox 1292 2026 1418 2081; x_wconf 82' lang='lat' dir='ltr'>(frag.</span> <span class='ocrx_word' id='word_1_202' title='bbox 1440 2024 1521 2075; x_wconf 83' lang='lat' dir='ltr'>III,</span> <span class='ocrx_word' id='word_1_203' title='bbox 1551 2027 1617 2066; x_wconf 81' lang='lat'>47.</span> <span class='ocrx_word' id='word_1_204' title='bbox 1647 2024 1830 2081; x_wconf 85' lang='lat' dir='ltr'>Kritz.):</span> <span class='ocrx_word' id='word_1_205' title='bbox 1865 2026 1965 2083; x_wconf 77' lang='lat' dir='ltr'>Scy-</span> 
     </span>
     <span class='ocr_line' id='line_1_27' title="bbox 133 2101 1456 2156; baseline -0.002 -14"><span class='ocrx_word' id='word_1_206' title='bbox 133 2101 222 2143; x_wconf 74' lang='lat' dir='ltr'>thae</span> <span class='ocrx_word' id='word_1_207' title='bbox 252 2102 441 2143; x_wconf 74' lang='lat' dir='ltr'>nomades</span> <span class='ocrx_word' id='word_1_208' title='bbox 473 2109 615 2150; x_wconf 76' lang='lat' dir='ltr'>tenent,</span> <span class='ocrx_word' id='word_1_209' title='bbox 648 2101 788 2156; x_wconf 70' lang='lat' dir='ltr'>quibus</span> <span class='ocrx_word' id='word_1_210' title='bbox 814 2101 1003 2156; x_wconf 78' lang='lat' dir='ltr'>plaustra</span> <span class='ocrx_word' id='word_1_211' title='bbox 1034 2101 1142 2141; x_wconf 83' lang='lat' dir='ltr'>sedes</span> <span class='ocrx_word' id='word_1_212' title='bbox 1173 2108 1278 2141; x_wconf 73' lang='lat' dir='ltr'>sunt.</span> <span class='ocrx_word' id='word_1_213' title='bbox 1453 2150 1456 2152; x_wconf 18' lang='lat' dir='ltr'>q</span> 
     </span>
    </p>

    <p class='ocr_par' dir='ltr' id='par_1_14' title="bbox 135 2172 1963 2304">
     <span class='ocr_line' id='line_1_28' title="bbox 249 2172 1963 2230; baseline -0.001 -15"><span class='ocrx_word' id='word_1_214' title='bbox 249 2176 312 2215; x_wconf 86' lang='lat'>11.</span> <span class='ocrx_word' id='word_1_215' title='bbox 345 2183 378 2216; x_wconf 92' lang='lat' dir='ltr'>et</span> <span class='ocrx_word' id='word_1_216' title='bbox 409 2176 483 2230; x_wconf 74' lang='lat' dir='ltr'>riq.</span> <span class='ocrx_word' id='word_1_217' title='bbox 516 2173 649 2215; x_wconf 82' lang='lat' dir='ltr'>Getae.</span> <span class='ocrx_word' id='word_1_218' title='bbox 710 2172 845 2215; x_wconf 85' lang='lat' dir='ltr'>Getae</span> <span class='ocrx_word' id='word_1_219' title='bbox 876 2173 1063 2215; x_wconf 84' lang='lat' dir='ltr'>Thraces</span> <span class='ocrx_word' id='word_1_220' title='bbox 1094 2180 1201 2223; x_wconf 88' lang='lat' dir='ltr'>sunt,</span> <span class='ocrx_word' id='word_1_221' title='bbox 1234 2188 1338 2228; x_wconf 85' lang='lat' dir='ltr'>quos</span> <span class='ocrx_word' id='word_1_222' title='bbox 1367 2173 1519 2229; x_wconf 74' lang='lat' dir='ltr'>rz&#39;qz&#39;clos</span> <span class='ocrx_word' id='word_1_223' title='bbox 1550 2172 1656 2213; x_wconf 84' lang='lat' dir='ltr'>dixit</span> <span class='ocrx_word' id='word_1_224' title='bbox 1686 2179 1859 2228; x_wconf 87' lang='lat' dir='ltr'>propter</span> <span class='ocrx_word' id='word_1_225' title='bbox 1888 2172 1963 2214; x_wconf 82' lang='lat' dir='ltr'>fri-</span> 
     </span>
     <span class='ocr_line' id='line_1_29' title="bbox 135 2248 678 2304; baseline -0.004 -15"><span class='ocrx_word' id='word_1_226' title='bbox 135 2263 240 2304; x_wconf 82' lang='lat' dir='ltr'>gora</span> <span class='ocrx_word' id='word_1_227' title='bbox 269 2248 492 2303; x_wconf 79' lang='lat' dir='ltr'>regionum</span> <span class='ocrx_word' id='word_1_228' title='bbox 522 2261 678 2288; x_wconf 84' lang='lat' dir='ltr'>earum.</span> 
     </span>
    </p>

    <p class='ocr_par' dir='ltr' id='par_1_15' title="bbox 135 2319 1964 2437">
     <span class='ocr_line' id='line_1_30' title="bbox 246 2319 1964 2378; baseline -0.002 -15"><span class='ocrx_word' id='word_1_229' title='bbox 246 2324 339 2364; x_wconf 74' lang='lat' dir='ltr'>inm.</span> <span class='ocrx_word' id='word_1_230' title='bbox 370 2337 404 2378; x_wconf 84' lang='lat' dir='ltr'>q.</span> <span class='ocrx_word' id='word_1_231' title='bbox 435 2323 459 2363; x_wconf 65' lang='grc' dir='ltr'><strong>ί.</strong></span> <span class='ocrx_word' id='word_1_232' title='bbox 493 2322 517 2362; x_wconf 86' lang='lat' dir='ltr'>l.</span> <span class='ocrx_word' id='word_1_233' title='bbox 548 2322 577 2375; x_wconf 94' lang='grc' dir='ltr'><strong>Γ.</strong></span> <span class='ocrx_word' id='word_1_234' title='bbox 609 2336 639 2361; x_wconf 87' lang='lat' dir='ltr'>e.</span> <span class='ocrx_word' id='word_1_235' title='bbox 678 2321 716 2362; x_wconf 83' lang='lat' dir='ltr'>C.</span> <span class='ocrx_word' id='word_1_236' title='bbox 749 2323 776 2376; x_wconf 77' lang='grc' dir='ltr'><strong>Γ</strong></span> <span class='ocrx_word' id='word_1_237' title='bbox 836 2320 1044 2362; x_wconf 86' lang='lat' dir='ltr'>Inmetata</span> <span class='ocrx_word' id='word_1_238' title='bbox 1078 2320 1103 2361; x_wconf 90' lang='lat' dir='ltr'>i.</span> <span class='ocrx_word' id='word_1_239' title='bbox 1137 2334 1171 2361; x_wconf 90' lang='lat' dir='ltr'>e.</span> <span class='ocrx_word' id='word_1_240' title='bbox 1203 2319 1484 2361; x_wconf 86' lang='lat' dir='ltr'>interminata.</span> <span class='ocrx_word' id='word_1_241' title='bbox 1560 2320 1795 2363; x_wconf 88' lang='lat' dir='ltr'>Commune</span> <span class='ocrx_word' id='word_1_242' title='bbox 1827 2327 1964 2361; x_wconf 88' lang='lat' dir='ltr'>autem</span> 
     </span>
     <span class='ocr_line' id='line_1_31' title="bbox 135 2393 1500 2437; baseline -0.001 -2"><span class='ocrx_word' id='word_1_243' title='bbox 135 2395 243 2437; x_wconf 90' lang='lat' dir='ltr'>inter</span> <span class='ocrx_word' id='word_1_244' title='bbox 273 2409 316 2437; x_wconf 86' lang='lat' dir='ltr'>se</span> <span class='ocrx_word' id='word_1_245' title='bbox 347 2394 540 2437; x_wconf 88' lang='lat' dir='ltr'>barbaris</span> <span class='ocrx_word' id='word_1_246' title='bbox 571 2393 706 2436; x_wconf 88' lang='lat' dir='ltr'>solum</span> <span class='ocrx_word' id='word_1_247' title='bbox 738 2408 884 2436; x_wconf 91' lang='lat' dir='ltr'>eorum</span> <span class='ocrx_word' id='word_1_248' title='bbox 915 2408 1005 2435; x_wconf 86' lang='lat' dir='ltr'>esse</span> <span class='ocrx_word' id='word_1_249' title='bbox 1036 2393 1230 2435; x_wconf 87' lang='lat' dir='ltr'>omnibus</span> <span class='ocrx_word' id='word_1_250' title='bbox 1251 2399 1396 2435; x_wconf 84' lang='lat' dir='ltr'>notum</span> <span class='ocrx_word' id='word_1_251' title='bbox 1428 2400 1500 2435; x_wconf 89' lang='lat' dir='ltr'>est.</span> 
     </span>
    </p>
   </div>
   <div class='ocr_carea' id='block_1_8' title="bbox 136 2594 1970 3142">
    <p class='ocr_par' dir='ltr' id='par_1_16' title="bbox 136 2594 1970 2972">
     <span class='ocr_line' id='line_1_32' title="bbox 252 2594 1967 2639; baseline -0.001 -15"><span class='ocrx_word' id='word_1_252' title='bbox 252 2595 284 2634; x_wconf 86' lang='lat' dir='ltr'>l)</span> <span class='ocrx_word' id='word_1_253' title='bbox 312 2599 382 2626; x_wconf 84' lang='lat' dir='ltr'>rota</span> <span class='ocrx_word' id='word_1_254' title='bbox 407 2595 463 2639; x_wconf 81' lang='grc' dir='ltr'>Αγ,</span> <span class='ocrx_word' id='word_1_255' title='bbox 491 2594 528 2625; x_wconf 85' lang='lat' dir='ltr'>C.</span> <span class='ocrx_word' id='word_1_256' title='bbox 554 2596 622 2625; x_wconf 84' lang='lat' dir='ltr'>rell.</span> <span class='ocrx_word' id='word_1_257' title='bbox 653 2605 714 2625; x_wconf 86' lang='lat' dir='ltr'>om.</span> <span class='ocrx_word' id='word_1_258' title='bbox 764 2595 851 2634; x_wconf 84' lang='lat' dir='ltr'>Mag.</span> <span class='ocrx_word' id='word_1_259' title='bbox 878 2596 960 2624; x_wconf 83' lang='lat' dir='ltr'>uelis</span> <span class='ocrx_word' id='word_1_260' title='bbox 985 2595 1042 2638; x_wconf 77' lang='grc' dir='ltr'><strong>Αγ.</strong></span> <span class='ocrx_word' id='word_1_261' title='bbox 1070 2595 1139 2626; x_wconf 85' lang='lat' dir='ltr'>rell.</span> <span class='ocrx_word' id='word_1_262' title='bbox 1166 2604 1226 2624; x_wconf 89' lang='lat' dir='ltr'>om.</span> <span class='ocrx_word' id='word_1_263' title='bbox 1290 2594 1324 2633; x_wconf 93' lang='lat'>2)</span> <span class='ocrx_word' id='word_1_264' title='bbox 1352 2594 1493 2633; x_wconf 80' lang='lat' dir='ltr'>Legibus</span> <span class='ocrx_word' id='word_1_265' title='bbox 1519 2595 1604 2624; x_wconf 87' lang='lat' dir='ltr'>enim</span> <span class='ocrx_word' id='word_1_266' title='bbox 1629 2595 1689 2624; x_wconf 91' lang='lat' dir='ltr'>lus.</span> <span class='ocrx_word' id='word_1_267' title='bbox 1716 2594 1773 2637; x_wconf 84' lang='grc' dir='ltr'><strong>Αγ.</strong></span> <span class='ocrx_word' id='word_1_268' title='bbox 1808 2594 1879 2623; x_wconf 86' lang='lat' dir='ltr'>rell.</span> <span class='ocrx_word' id='word_1_269' title='bbox 1907 2604 1967 2624; x_wconf 90' lang='lat' dir='ltr'>om.</span> 
     </span>
     <span class='ocr_line' id='line_1_33' title="bbox 136 2651 1966 2694; baseline -0.001 -13"><span class='ocrx_word' id='word_1_270' title='bbox 136 2661 154 2681; x_wconf 89' lang='lat' dir='ltr'>a</span> <span class='ocrx_word' id='word_1_271' title='bbox 176 2653 302 2690; x_wconf 82' lang='lat' dir='ltr'>legibus</span> <span class='ocrx_word' id='word_1_272' title='bbox 327 2653 387 2682; x_wconf 85' lang='lat' dir='ltr'>lus.</span> <span class='ocrx_word' id='word_1_273' title='bbox 415 2653 444 2681; x_wconf 91' lang='lat'>2.</span> <span class='ocrx_word' id='word_1_274' title='bbox 481 2652 564 2681; x_wconf 63' lang='lat' dir='ltr'>uetiti</span> <span class='ocrx_word' id='word_1_275' title='bbox 597 2653 681 2681; x_wconf 87' lang='lat' dir='ltr'>enim</span> <span class='ocrx_word' id='word_1_276' title='bbox 707 2661 725 2681; x_wconf 86' lang='lat' dir='ltr'>a</span> <span class='ocrx_word' id='word_1_277' title='bbox 749 2652 877 2690; x_wconf 82' lang='lat' dir='ltr'>legibus</span> <span class='ocrx_word' id='word_1_278' title='bbox 902 2661 925 2680; x_wconf 91' lang='lat' dir='ltr'>r.</span> <span class='ocrx_word' id='word_1_279' title='bbox 987 2652 1022 2690; x_wconf 88' lang='lat'>5)</span> <span class='ocrx_word' id='word_1_280' title='bbox 1049 2653 1207 2690; x_wconf 83' lang='lat' dir='ltr'>periuram</span> <span class='ocrx_word' id='word_1_281' title='bbox 1230 2651 1287 2694; x_wconf 78' lang='grc' dir='ltr'><strong>Αγ.</strong></span> <span class='ocrx_word' id='word_1_282' title='bbox 1313 2660 1369 2690; x_wconf 85' lang='lat' dir='ltr'>per</span> <span class='ocrx_word' id='word_1_283' title='bbox 1391 2651 1484 2681; x_wconf 77' lang='lat' dir='ltr'>uitam</span> <span class='ocrx_word' id='word_1_284' title='bbox 1511 2652 1538 2680; x_wconf 89' lang='lat'>2.</span> <span class='ocrx_word' id='word_1_285' title='bbox 1578 2656 1609 2681; x_wconf 89' lang='lat' dir='ltr'>et</span> <span class='ocrx_word' id='word_1_286' title='bbox 1634 2660 1696 2680; x_wconf 76' lang='lat' dir='ltr'>soc.</span> <span class='ocrx_word' id='word_1_287' title='bbox 1722 2651 1780 2693; x_wconf 78' lang='grc' dir='ltr'><strong>Αγ.</strong></span> <span class='ocrx_word' id='word_1_288' title='bbox 1807 2651 1877 2681; x_wconf 86' lang='lat' dir='ltr'>rell.</span> <span class='ocrx_word' id='word_1_289' title='bbox 1904 2661 1966 2680; x_wconf 91' lang='lat' dir='ltr'>om.</span> 
     </span>
     <span class='ocr_line' id='line_1_34' title="bbox 137 2707 1967 2750; baseline -0.001 -13"><span class='ocrx_word' id='word_1_290' title='bbox 137 2713 177 2738; x_wconf 85' lang='lat' dir='ltr'>et.</span> <span class='ocrx_word' id='word_1_291' title='bbox 203 2707 292 2737; x_wconf 84' lang='lat' dir='ltr'>fallet</span> <span class='ocrx_word' id='word_1_292' title='bbox 318 2708 373 2750; x_wconf 78' lang='grc' dir='ltr'>γΒ.</span> <span class='ocrx_word' id='word_1_293' title='bbox 398 2709 486 2746; x_wconf 82' lang='lat' dir='ltr'>vulg.</span> <span class='ocrx_word' id='word_1_294' title='bbox 513 2709 627 2737; x_wconf 87' lang='lat' dir='ltr'>lectio:</span> <span class='ocrx_word' id='word_1_295' title='bbox 667 2709 747 2747; x_wconf 86' lang='lat' dir='ltr'>peri.</span> <span class='ocrx_word' id='word_1_296' title='bbox 772 2709 862 2746; x_wconf 84' lang='lat' dir='ltr'>hosp.</span> <span class='ocrx_word' id='word_1_297' title='bbox 888 2708 982 2738; x_wconf 79' lang='lat' dir='ltr'>fallat</span> <span class='ocrx_word' id='word_1_298' title='bbox 1008 2712 1039 2737; x_wconf 88' lang='lat' dir='ltr'>et</span> <span class='ocrx_word' id='word_1_299' title='bbox 1065 2718 1127 2738; x_wconf 89' lang='lat' dir='ltr'>soc.</span> <span class='ocrx_word' id='word_1_300' title='bbox 1155 2712 1183 2737; x_wconf 81' lang='lat' dir='ltr'>et</span> <span class='ocrx_word' id='word_1_301' title='bbox 1205 2709 1296 2745; x_wconf 86' lang='lat' dir='ltr'>hosp.</span> <span class='ocrx_word' id='word_1_302' title='bbox 1322 2708 1388 2738; x_wconf 83' lang='lat' dir='ltr'>fall.</span> <span class='ocrx_word' id='word_1_303' title='bbox 1417 2712 1448 2737; x_wconf 86' lang='lat' dir='ltr'>et</span> <span class='ocrx_word' id='word_1_304' title='bbox 1475 2708 1578 2737; x_wconf 83' lang='lat' dir='ltr'>socios</span> <span class='ocrx_word' id='word_1_305' title='bbox 1603 2717 1626 2736; x_wconf 88' lang='lat' dir='ltr'>r.</span> <span class='ocrx_word' id='word_1_306' title='bbox 1652 2708 1791 2745; x_wconf 80' lang='lat' dir='ltr'>periurio</span> <span class='ocrx_word' id='word_1_307' title='bbox 1817 2710 1848 2736; x_wconf 85' lang='lat' dir='ltr'>et</span> <span class='ocrx_word' id='word_1_308' title='bbox 1873 2707 1967 2736; x_wconf 75' lang='lat' dir='ltr'>hostes</span> 
     </span>
     <span class='ocr_line' id='line_1_35' title="bbox 136 2764 1967 2807; baseline -0.001 -14"><span class='ocrx_word' id='word_1_309' title='bbox 136 2764 219 2794; x_wconf 71' lang='lat' dir='ltr'>fallit</span> <span class='ocrx_word' id='word_1_310' title='bbox 243 2768 274 2794; x_wconf 87' lang='lat' dir='ltr'>et</span> <span class='ocrx_word' id='word_1_311' title='bbox 300 2765 401 2794; x_wconf 83' lang='lat' dir='ltr'>socios</span> <span class='ocrx_word' id='word_1_312' title='bbox 428 2766 458 2796; x_wconf 87' lang='lat'>2.</span> <span class='ocrx_word' id='word_1_313' title='bbox 509 2765 543 2803; x_wconf 85' lang='grc'>6)</span> <span class='ocrx_word' id='word_1_314' title='bbox 568 2765 640 2802; x_wconf 86' lang='lat' dir='ltr'>adq.</span> <span class='ocrx_word' id='word_1_315' title='bbox 667 2764 721 2807; x_wconf 78' lang='grc' dir='ltr'>Αγ,</span> <span class='ocrx_word' id='word_1_316' title='bbox 749 2774 829 2803; x_wconf 88' lang='lat' dir='ltr'>quae</span> <span class='ocrx_word' id='word_1_317' title='bbox 854 2774 914 2794; x_wconf 88' lang='lat' dir='ltr'>om.</span> <span class='ocrx_word' id='word_1_318' title='bbox 933 2764 988 2805; x_wconf 74' lang='grc' dir='ltr'><strong>Αγ.</strong></span> <span class='ocrx_word' id='word_1_319' title='bbox 1015 2773 1070 2802; x_wconf 87' lang='lat' dir='ltr'>per</span> <span class='ocrx_word' id='word_1_320' title='bbox 1096 2764 1200 2793; x_wconf 85' lang='lat' dir='ltr'>scelus</span> <span class='ocrx_word' id='word_1_321' title='bbox 1225 2774 1300 2803; x_wconf 77' lang='lat' dir='ltr'>quae</span> <span class='ocrx_word' id='word_1_322' title='bbox 1324 2774 1393 2802; x_wconf 88' lang='lat' dir='ltr'>aeq.</span> <span class='ocrx_word' id='word_1_323' title='bbox 1422 2765 1481 2802; x_wconf 76' lang='lat' dir='ltr'>2‚r,</span> <span class='ocrx_word' id='word_1_324' title='bbox 1506 2764 1589 2793; x_wconf 88' lang='lat' dir='ltr'>nihil</span> <span class='ocrx_word' id='word_1_325' title='bbox 1613 2773 1693 2792; x_wconf 90' lang='lat' dir='ltr'>omn.</span> <span class='ocrx_word' id='word_1_326' title='bbox 1719 2764 1806 2793; x_wconf 82' lang='lat' dir='ltr'>libri.</span> <span class='ocrx_word' id='word_1_327' title='bbox 1832 2765 1890 2793; x_wconf 86' lang='lat' dir='ltr'>nil.</span> <span class='ocrx_word' id='word_1_328' title='bbox 1920 2765 1967 2792; x_wconf 88' lang='lat' dir='ltr'>in-</span> 
     </span>
     <span class='ocr_line' id='line_1_36' title="bbox 137 2819 1970 2862; baseline -0.001 -12"><span class='ocrx_word' id='word_1_329' title='bbox 137 2822 215 2850; x_wconf 89' lang='lat' dir='ltr'>culc.</span> <span class='ocrx_word' id='word_1_330' title='bbox 244 2820 282 2856; x_wconf 85' lang='lat' dir='ltr'>Q.</span> <span class='ocrx_word' id='word_1_331' title='bbox 313 2826 445 2858; x_wconf 79' lang='lat' dir='ltr'>possunt</span> <span class='ocrx_word' id='word_1_332' title='bbox 470 2820 536 2849; x_wconf 81' lang='lat' dir='ltr'>AR.</span> <span class='ocrx_word' id='word_1_333' title='bbox 561 2821 630 2850; x_wconf 90' lang='lat' dir='ltr'>rell.</span> <span class='ocrx_word' id='word_1_334' title='bbox 658 2831 741 2859; x_wconf 80' lang='lat' dir='ltr'>pros.</span> <span class='ocrx_word' id='word_1_335' title='bbox 803 2821 858 2859; x_wconf 85' lang='grc'>11)</span> <span class='ocrx_word' id='word_1_336' title='bbox 887 2820 939 2850; x_wconf 80' lang='lat' dir='ltr'>Sic</span> <span class='ocrx_word' id='word_1_337' title='bbox 965 2821 995 2849; x_wconf 91' lang='lat' dir='ltr'>h.</span> <span class='ocrx_word' id='word_1_338' title='bbox 1028 2821 1094 2850; x_wconf 85' lang='lat' dir='ltr'>sch.</span> <span class='ocrx_word' id='word_1_339' title='bbox 1121 2822 1252 2850; x_wconf 85' lang='lat' dir='ltr'>constit.</span> <span class='ocrx_word' id='word_1_340' title='bbox 1279 2831 1349 2849; x_wconf 88' lang='lat' dir='ltr'>cum</span> <span class='ocrx_word' id='word_1_341' title='bbox 1373 2820 1429 2862; x_wconf 78' lang='grc' dir='ltr'><strong>Αγ.</strong></span> <span class='ocrx_word' id='word_1_342' title='bbox 1467 2821 1582 2858; x_wconf 86' lang='lat' dir='ltr'>cupido</span> <span class='ocrx_word' id='word_1_343' title='bbox 1609 2828 1733 2858; x_wconf 83' lang='lat' dir='ltr'>semper</span> <span class='ocrx_word' id='word_1_344' title='bbox 1757 2819 1823 2849; x_wconf 80' lang='lat' dir='ltr'>AR.</span> <span class='ocrx_word' id='word_1_345' title='bbox 1863 2819 1970 2849; x_wconf 70' lang='lat' dir='ltr'>heredi</span> 
     </span>
     <span class='ocr_line' id='line_1_37' title="bbox 137 2876 1968 2915; baseline -0.002 -9"><span class='ocrx_word' id='word_1_346' title='bbox 137 2878 213 2915; x_wconf 84' lang='lat' dir='ltr'>aliq.</span> <span class='ocrx_word' id='word_1_347' title='bbox 239 2877 329 2906; x_wconf 83' lang='lat' dir='ltr'>deest</span> <span class='ocrx_word' id='word_1_348' title='bbox 352 2876 388 2905; x_wconf 86' lang='lat' dir='ltr'>R.</span> <span class='ocrx_word' id='word_1_349' title='bbox 435 2876 530 2914; x_wconf 83' lang='lat' dir='ltr'>Vulg.</span> <span class='ocrx_word' id='word_1_350' title='bbox 556 2878 668 2906; x_wconf 79' lang='lat' dir='ltr'>lectio:</span> <span class='ocrx_word' id='word_1_351' title='bbox 707 2876 831 2915; x_wconf 85' lang='lat' dir='ltr'>Cupido</span> <span class='ocrx_word' id='word_1_352' title='bbox 868 2886 992 2915; x_wconf 79' lang='lat' dir='ltr'>semper</span> <span class='ocrx_word' id='word_1_353' title='bbox 1020 2877 1112 2906; x_wconf 86' lang='lat' dir='ltr'>adest</span> <span class='ocrx_word' id='word_1_354' title='bbox 1145 2877 1270 2914; x_wconf 85' lang='lat' dir='ltr'>aliquid</span> <span class='ocrx_word' id='word_1_355' title='bbox 1300 2878 1390 2906; x_wconf 82' lang='lat' dir='ltr'>abest</span> <span class='ocrx_word' id='word_1_356' title='bbox 1427 2878 1483 2906; x_wconf 89' lang='lat' dir='ltr'>rei.</span> <span class='ocrx_word' id='word_1_357' title='bbox 1545 2877 1725 2915; x_wconf 84' lang='lat' dir='ltr'>Numquam</span> <span class='ocrx_word' id='word_1_358' title='bbox 1757 2880 1885 2907; x_wconf 83' lang='lat' dir='ltr'>tantum</span> <span class='ocrx_word' id='word_1_359' title='bbox 1918 2886 1968 2905; x_wconf 57' lang='lat' dir='ltr'>res</span> 
     </span>
     <span class='ocr_line' id='line_1_38' title="bbox 138 2933 725 2972; baseline 0.002 -10"><span class='ocrx_word' id='word_1_360' title='bbox 138 2934 265 2970; x_wconf 83' lang='lat' dir='ltr'>crescit,</span> <span class='ocrx_word' id='word_1_361' title='bbox 291 2937 327 2962; x_wconf 89' lang='lat' dir='ltr'>ut</span> <span class='ocrx_word' id='word_1_362' title='bbox 351 2933 421 2962; x_wconf 76' lang='lat' dir='ltr'>suff.</span> <span class='ocrx_word' id='word_1_363' title='bbox 445 2934 512 2966; x_wconf 85' lang='lat' dir='ltr'>uid,</span> <span class='ocrx_word' id='word_1_364' title='bbox 540 2934 725 2972; x_wconf 85' lang='lat' dir='ltr'>cupiditati.</span> 
     </span>
    </p>

    <p class='ocr_par' dir='ltr' id='par_1_17' title="bbox 138 2987 1967 3142">
     <span class='ocr_line' id='line_1_39' title="bbox 227 2987 1967 3031; baseline -0.001 -13"><span class='ocrx_word' id='word_1_365' title='bbox 227 2988 384 3019; x_wconf 86' lang='lat' dir='ltr'>PORPH.</span> <span class='ocrx_word' id='word_1_366' title='bbox 433 2989 502 3020; x_wconf 84' lang='lat' dir='ltr'>Ode</span> <span class='ocrx_word' id='word_1_367' title='bbox 527 2989 703 3020; x_wconf 87' lang='lat' dir='ltr'>LXXXIII.</span> <span class='ocrx_word' id='word_1_368' title='bbox 754 2990 810 3029; x_wconf 81' lang='lat'>14)</span> <span class='ocrx_word' id='word_1_369' title='bbox 835 2989 966 3020; x_wconf 75' lang='lat' dir='ltr'>thesaur.</span> <span class='ocrx_word' id='word_1_370' title='bbox 992 2989 1025 3018; x_wconf 91' lang='lat' dir='ltr'>M</span> <span class='ocrx_word' id='word_1_371' title='bbox 1050 2990 1082 3018; x_wconf 86' lang='lat' dir='ltr'>h.</span> <span class='ocrx_word' id='word_1_372' title='bbox 1109 2990 1128 3017; x_wconf 96' lang='lat' dir='ltr'>l.</span> <span class='ocrx_word' id='word_1_373' title='bbox 1155 2999 1218 3018; x_wconf 90' lang='lat' dir='ltr'>non</span> <span class='ocrx_word' id='word_1_374' title='bbox 1255 2990 1414 3019; x_wconf 77' lang='lat' dir='ltr'>thensaur.</span> <span class='ocrx_word' id='word_1_375' title='bbox 1454 2993 1488 3019; x_wconf 89' lang='lat' dir='ltr'>ut</span> <span class='ocrx_word' id='word_1_376' title='bbox 1525 2989 1558 3019; x_wconf 87' lang='lat' dir='ltr'>S.</span> <span class='ocrx_word' id='word_1_377' title='bbox 1596 2990 1636 3027; x_wconf 90' lang='lat' dir='ltr'>II,</span> <span class='ocrx_word' id='word_1_378' title='bbox 1665 2991 1695 3028; x_wconf 83' lang='lat'>6,</span> <span class='ocrx_word' id='word_1_379' title='bbox 1736 2991 1786 3019; x_wconf 88' lang='grc'>11.</span> <span class='ocrx_word' id='word_1_380' title='bbox 1825 2987 1898 3031; x_wconf 79' lang='grc' dir='ltr'>ωδη</span> <span class='ocrx_word' id='word_1_381' title='bbox 1924 2990 1967 3018; x_wconf 84' lang='grc' dir='ltr'><strong>Μ.</strong></span> 
     </span>
     <span class='ocr_line' id='line_1_40' title="bbox 142 3045 1967 3084; baseline 0 -10"><span class='ocrx_word' id='word_1_382' title='bbox 142 3045 197 3083; x_wconf 83' lang='grc'>15)</span> <span class='ocrx_word' id='word_1_383' title='bbox 222 3045 345 3083; x_wconf 85' lang='lat' dir='ltr'>profan.</span> <span class='ocrx_word' id='word_1_384' title='bbox 371 3045 440 3075; x_wconf 81' lang='lat' dir='ltr'>MR.</span> <span class='ocrx_word' id='word_1_385' title='bbox 502 3046 558 3084; x_wconf 90' lang='grc'><strong>19)</strong></span> <span class='ocrx_word' id='word_1_386' title='bbox 586 3047 707 3076; x_wconf 80' lang='lat' dir='ltr'>uolunt.</span> <span class='ocrx_word' id='word_1_387' title='bbox 733 3046 777 3075; x_wconf 89' lang='lat' dir='ltr'>M.</span> <span class='ocrx_word' id='word_1_388' title='bbox 804 3046 844 3075; x_wconf 85' lang='lat' dir='ltr'>ef.</span> <span class='ocrx_word' id='word_1_389' title='bbox 870 3046 943 3075; x_wconf 77' lang='lat' dir='ltr'>Aer.</span> <span class='ocrx_word' id='word_1_390' title='bbox 1005 3046 1062 3084; x_wconf 90' lang='grc'>21)</span> <span class='ocrx_word' id='word_1_391' title='bbox 1088 3046 1278 3075; x_wconf 80' lang='lat' dir='ltr'>necessitate</span> <span class='ocrx_word' id='word_1_392' title='bbox 1302 3045 1345 3082; x_wconf 88' lang='lat' dir='ltr'>M,</span> <span class='ocrx_word' id='word_1_393' title='bbox 1383 3049 1418 3075; x_wconf 88' lang='lat' dir='ltr'>ut</span> <span class='ocrx_word' id='word_1_394' title='bbox 1455 3046 1529 3075; x_wconf 89' lang='lat' dir='ltr'>Tac.</span> <span class='ocrx_word' id='word_1_395' title='bbox 1554 3045 1593 3076; x_wconf 91' lang='lat' dir='ltr'>A.</span> <span class='ocrx_word' id='word_1_396' title='bbox 1620 3045 1706 3084; x_wconf 88' lang='lat' dir='ltr'>XIV,</span> <span class='ocrx_word' id='word_1_397' title='bbox 1733 3047 1786 3075; x_wconf 89' lang='lat'>48.</span> <span class='ocrx_word' id='word_1_398' title='bbox 1825 3046 1864 3076; x_wconf 82' lang='lat' dir='ltr'>cf.</span> <span class='ocrx_word' id='word_1_399' title='bbox 1890 3047 1967 3075; x_wconf 76' lang='lat' dir='ltr'>Aer.</span> 
     </span>
     <span class='ocr_line' id='line_1_41' title="bbox 138 3100 1965 3142; baseline 0.001 -12"><span class='ocrx_word' id='word_1_400' title='bbox 138 3101 206 3130; x_wconf 85' lang='lat' dir='ltr'>rell.</span> <span class='ocrx_word' id='word_1_401' title='bbox 223 3102 424 3131; x_wconf 74' lang='lat' dir='ltr'>necessitati.</span> <span class='ocrx_word' id='word_1_402' title='bbox 451 3119 493 3123; x_wconf 79' lang='lat'>---</span> <span class='ocrx_word' id='word_1_403' title='bbox 517 3102 628 3132; x_wconf 75' lang='lat' dir='ltr'>inmut.</span> <span class='ocrx_word' id='word_1_404' title='bbox 654 3102 698 3132; x_wconf 89' lang='lat' dir='ltr'>M.</span> <span class='ocrx_word' id='word_1_405' title='bbox 749 3103 805 3140; x_wconf 84' lang='lat'>23)</span> <span class='ocrx_word' id='word_1_406' title='bbox 834 3101 943 3140; x_wconf 86' lang='lat' dir='ltr'>Camp.</span> <span class='ocrx_word' id='word_1_407' title='bbox 972 3101 1021 3131; x_wconf 84' lang='lat' dir='ltr'>Sc.</span> <span class='ocrx_word' id='word_1_408' title='bbox 1047 3101 1090 3130; x_wconf 88' lang='lat' dir='ltr'>M.</span> <span class='ocrx_word' id='word_1_409' title='bbox 1120 3101 1259 3140; x_wconf 82' lang='lat' dir='ltr'>Scythae</span> <span class='ocrx_word' id='word_1_410' title='bbox 1286 3111 1386 3140; x_wconf 81' lang='lat' dir='ltr'>camp.</span> <span class='ocrx_word' id='word_1_411' title='bbox 1413 3102 1452 3131; x_wconf 89' lang='lat' dir='ltr'>A.</span> <span class='ocrx_word' id='word_1_412' title='bbox 1502 3100 1558 3142; x_wconf 87' lang='grc'>24)</span> <span class='ocrx_word' id='word_1_413' title='bbox 1585 3101 1659 3132; x_wconf 80' lang='lat' dir='ltr'>Sall.</span> <span class='ocrx_word' id='word_1_414' title='bbox 1677 3102 1720 3132; x_wconf 89' lang='lat' dir='ltr'>M.</span> <span class='ocrx_word' id='word_1_415' title='bbox 1771 3103 1827 3142; x_wconf 88' lang='lat'>25)</span> <span class='ocrx_word' id='word_1_416' title='bbox 1855 3106 1965 3141; x_wconf 84' lang='lat' dir='ltr'>scytae</span> 
     </span>
    </p>
   </div>
   <div class='ocr_carea' id='block_1_9' title="bbox 138 3158 1964 3243">
    <p class='ocr_par' dir='ltr' id='par_1_18' title="bbox 138 3158 1964 3243">
     <span class='ocr_line' id='line_1_42' title="bbox 138 3158 1964 3199; baseline 0.001 -13"><span class='ocrx_word' id='word_1_417' title='bbox 138 3158 310 3187; x_wconf 80' lang='lat' dir='ltr'>nomandes</span> <span class='ocrx_word' id='word_1_418' title='bbox 336 3159 374 3189; x_wconf 89' lang='lat' dir='ltr'>R.</span> <span class='ocrx_word' id='word_1_419' title='bbox 425 3159 481 3199; x_wconf 83' lang='lat'>26)</span> <span class='ocrx_word' id='word_1_420' title='bbox 509 3158 609 3189; x_wconf 83' lang='lat' dir='ltr'>Getae</span> <span class='ocrx_word' id='word_1_421' title='bbox 634 3159 693 3189; x_wconf 65' lang='lat' dir='ltr'>RQ.</span> <span class='ocrx_word' id='word_1_422' title='bbox 722 3163 826 3198; x_wconf 82' lang='lat' dir='ltr'>getae.</span> <span class='ocrx_word' id='word_1_423' title='bbox 853 3163 939 3197; x_wconf 79' lang='lat' dir='ltr'>gaete</span> <span class='ocrx_word' id='word_1_424' title='bbox 963 3158 1007 3187; x_wconf 94' lang='lat' dir='ltr'>M.</span> <span class='ocrx_word' id='word_1_425' title='bbox 1034 3158 1102 3188; x_wconf 88' lang='lat' dir='ltr'>rell.</span> <span class='ocrx_word' id='word_1_426' title='bbox 1128 3167 1187 3187; x_wconf 89' lang='grc'><strong>0111.</strong></span> <span class='ocrx_word' id='word_1_427' title='bbox 1215 3159 1269 3188; x_wconf 90' lang='lat' dir='ltr'>alt.</span> <span class='ocrx_word' id='word_1_428' title='bbox 1299 3158 1399 3188; x_wconf 80' lang='lat' dir='ltr'>Getae.</span> <span class='ocrx_word' id='word_1_429' title='bbox 1450 3158 1507 3198; x_wconf 84' lang='grc'><strong>28)</strong></span> <span class='ocrx_word' id='word_1_430' title='bbox 1534 3158 1614 3188; x_wconf 87' lang='grc' dir='ltr'><strong>Ι11111.</strong></span> <span class='ocrx_word' id='word_1_431' title='bbox 1641 3158 1715 3189; x_wconf 84' lang='lat' dir='ltr'>MG.</span> <span class='ocrx_word' id='word_1_432' title='bbox 1778 3159 1835 3197; x_wconf 83' lang='lat'>29)</span> <span class='ocrx_word' id='word_1_433' title='bbox 1863 3159 1964 3188; x_wconf 88' lang='lat' dir='ltr'>omni-</span> 
     </span>
     <span class='ocr_line' id='line_1_43' title="bbox 140 3214 341 3243; baseline -0.005 0"><span class='ocrx_word' id='word_1_434' title='bbox 140 3214 199 3243; x_wconf 85' lang='lat' dir='ltr'>bus</span> <span class='ocrx_word' id='word_1_435' title='bbox 224 3223 284 3243; x_wconf 90' lang='lat' dir='ltr'>om.</span> <span class='ocrx_word' id='word_1_436' title='bbox 312 3215 341 3243; x_wconf 91' lang='lat'>2.</span> 
     </span>
    </p>
   </div>
   <div class='ocr_carea' id='block_1_10' title="bbox 1716 3285 1766 3310">
    <p class='ocr_par' dir='ltr' id='par_1_19' title="bbox 1716 3285 1766 3310">
     <span class='ocr_line' id='line_1_44' title="bbox 1716 3285 1766 3310; baseline -0.04 0"><span class='ocrx_word' id='word_1_437' title='bbox 1716 3285 1766 3310; x_wconf 64' lang='lat'>23*</span> 
     </span>
    </p>
   </div>
   <div class='ocr_carea' id='block_1_11' title="bbox 1991 1010 2029 1040">
    <p class='ocr_par' dir='ltr' id='par_1_20' title="bbox 1991 1010 2029 1040">
     <span class='ocr_line' id='line_1_45' title="bbox 1991 1010 2029 1040; baseline 0 0"><span class='ocrx_word' id='word_1_438' title='bbox 1991 1010 2029 1040; x_wconf 75' lang='lat' dir='ltr'>lo</span> 
     </span>
    </p>
   </div>
   <div class='ocr_carea' id='block_1_12' title="bbox 1992 1741 2032 1772">
    <p class='ocr_par' dir='ltr' id='par_1_21' title="bbox 1992 1741 2032 1772">
     <span class='ocr_line' id='line_1_46' title="bbox 1992 1741 2032 1772; baseline 0 0"><span class='ocrx_word' id='word_1_439' title='bbox 1992 1741 2032 1772; x_wconf 74' lang='lat'>20</span> 
     </span>
    </p>
   </div>
  </div>
 </body>
</html>
