2283 3535
0 2661 3 2712 1

680 193 913 226 ADDENDA
940 193 999 224 ET
1025 191 1340 224 comufflcunA.
1802 176 1918 219 XIX

98 317 261 359 melicis
291 318 427 360 modis
467 317 656 372 (Lucret.
689 317 734 366 V,
767 318 872 359 335:
912 316 1085 357 melicus
1123 329 1260 356 sonus.
1330 314 1428 356 Tib.
1463 314 1541 365 IV,
1573 316 1619 365 4,
1661 315 1735 356 69:
1775 327 1923 354 sonora

100 390 271 431 cithara.
305 390 408 432 Hor.
445 390 492 432 C.
526 396 553 440 l,
591 393 654 440 12,
690 392 760 430 ll:
799 392 956 431 canoris
987 389 1141 429 fidibus
1172 389 1282 441 ete).
1352 387 1557 429 Datiuum
1590 389 1800 442 mele'coque
1831 386 1856 426 i.
1889 401 1922 427 c.

100 464 226 519 lyrico
268 473 406 520 poetae
454 463 549 505 Diis
589 462 829 518 Olympicis
875 463 1195 517 respondentem
1243 461 1375 502 serius
1413 461 1725 515 praeferebam,
1772 467 1924 514 putans

99 536 434 592 Porphyrionem
458 537 726 592 participium
750 538 914 577 uocanti
931 535 1162 590 explicasse
1186 549 1260 588 per
1291 535 1618 590 quandocumque
1638 535 1924 579 inuocauerint,

101 625 250 665 parum
297 618 436 651 tamen
482 610 585 651 mihi
627 609 900 650 satisfaciens.
974 608 1158 649 Dicendi
1205 615 1343 648 autem
1375 607 1443 647 hic
1474 607 1589 648 locus
1620 615 1693 656 est,
1737 607 1926 648 carolum

100 684 405 725 Laclunanuum
451 682 631 724 Codices
662 697 776 723 meos
818 681 1076 723 Horatianos
1107 681 1219 736 apud
1251 695 1315 721 me
1346 680 1640 734 inspicientem
1671 686 1925 735 temptamcu

102 772 253 806 meum,
287 756 590 811 qualecumque
612 764 685 804 est,
723 756 918 796 incitasse
940 755 993 795 ad
1016 754 1321 808 procreandam
1343 754 1553 809 insignem
1574 752 1743 794 omnino
1766 752 1926 793 multis-

102 844 181 885 que
212 829 307 871 VV.
340 828 442 870 DD.
476 838 691 883 acceptam
724 829 1028 869 coniecturam:
1078 829 1346 883 medicumque
1378 828 1511 874 salue,
1556 841 1663 880 quae
1708 833 1847 867 tamen
1885 825 1927 865 id

102 918 184 944 non
216 903 451 958 exprimere
483 902 585 943 mihi
618 902 794 952 uidetur,
829 902 940 957 quod
971 910 1039 943 aut
1071 901 1246 943 senserit
1279 909 1414 956 poeta,
1446 908 1515 941 aut
1548 900 1659 955 quod
1681 899 1928 942 scholiastae

102 991 196 1017 eum
226 977 461 1031 exprimere
493 976 673 1017 uoluisse
704 975 978 1016 tradiderunt.
1046 974 1239 1029 Namque
1277 989 1325 1015 eo
1356 974 1582 1018 intellectu,
1622 988 1704 1028 quo
1742 972 1817 1015 Sil.
1848 971 1927 1021 ΙΙΙ,

103 1051 156 1092 30
186 1050 394 1091 adiectiuo
426 1051 600 1092 medicus
628 1065 724 1091 usus
757 1059 830 1099 est,
863 1050 940 1090 hoc
968 1050 1072 1100 loco,
1105 1064 1230 1104 quem
1252 1049 1430 1105 agimus,
1463 1048 1575 1089 idem
1612 1047 1748 1103 accipi
1785 1054 1931 1087 auctor

103 1122 407 1165 emendationis
429 1138 511 1164 non
533 1123 674 1163 voluit.
718 1123 885 1164 Deinde
902 1131 1045 1178 postea
1069 1138 1142 1164 cur
1157 1123 1314 1177 Porph.
1337 1138 1375 1163 u.
1393 1123 1590 1164 medicum
1611 1136 1694 1162 non
1712 1120 1929 1176 exposuit?

102 1196 170 1237 Ex
197 1197 343 1237 eadem
366 1197 525 1237 ratione
546 1198 794 1238 Hamae-lieri
810 1198 1057 1253 nitidumque
1087 1196 1189 1237 mihi
1211 1196 1419 1251 displicet,
1437 1210 1486 1237 ae
1502 1195 1713 1251 genitiuus
1735 1194 1929 1236 substan—

103 1271 178 1312 tiui
199 1270 370 1324 quidam
393 1271 522 1311 multo
544 1271 680 1326 magis
702 1286 827 1325 quam
849 1271 929 1311 tale
951 1270 1203 1312 adiectiuum
1227 1270 1438 1325 qualitatis
1460 1284 1626 1311 sensum
1646 1274 1835 1310 nostrum
1856 1266 1931 1308 ob-

102 1344 286 1386 lectaret.
334 1344 508 1385 Rectam
535 1344 786 1385 emendandi
811 1344 923 1384 uiam
941 1343 1177 1398 ingressum
1196 1358 1345 1385 censeo
1362 1344 1713 1397 Hirschfelderum
1730 1341 1846 1397 (uide
1863 1355 1931 1382 su-

103 1432 181 1472 pra
198 1432 237 1472 p.
254 1416 323 1472 I.),
347 1417 417 1471 qui
440 1418 689 1472 me'lu'ubz'que
706 1418 818 1459 salice
839 1416 986 1458 obtulit
1004 1416 1150 1457 eadem
1169 1416 1476 1472 significatione
1494 1415 1652 1456 dictum
1668 1414 1931 1470 intellegens,

104 1505 187 1546 qua
203 1490 309 1532 Hor.
329 1488 372 1531 S.
390 1489 447 1540 ΙΙ,
467 1493 504 1539 5,
524 1491 575 1531 23
594 1505 642 1531 ac
664 1490 797 1532 tribus
814 1489 996 1546 Vergilii
1015 1489 1130 1539 locis,
1155 1490 1225 1544 qui
1241 1489 1364 1530 facile
1382 1489 1585 1545 adaugeri
1603 1494 1785 1544 possent.
1815 1486 1932 1528 Bene

105 1564 164 1606 sic
209 1571 399 1606 seruatur
443 1563 628 1613 datiuus,
674 1564 746 1618 qui
791 1563 834 1604 in
878 1563 1002 1605 totius
1050 1563 1279 1604 sententiae
1324 1563 1518 1604 iunctura
1562 1562 1824 1603 necessarius
1861 1568 1934 1602 est.

104 1637 309 1678 Datiuum
334 1637 441 1684 milei,
474 1651 596 1691 quem
619 1636 711 1678 uiro
733 1637 855 1678 docto
876 1653 974 1679 usus
998 1635 1260 1679 Graecorum
1283 1636 1405 1692 χαῖρέ
1430 1652 1499 1691 μοι
1521 1635 1733 1691 postulare
1754 1634 1933 1684 uidetur,

105 1710 212 1753 tueri
244 1710 368 1751 etiam
400 1716 534 1765 potest
565 1710 680 1751 locus
712 1709 842 1765 Verg.
876 1709 929 1751 A.
961 1709 1045 1760 XI,
1079 1712 1151 1751 97:

512 1810 565 1813 *-
596 1785 707 1826 salue
738 1791 953 1825 aeternum
984 1784 1091 1832 me'lu',
1123 1783 1305 1824 maxime
1335 1782 1469 1832 Palla,

377 1857 694 1913 Aeternumque
725 1859 829 1899 παῖε.

106 1932 250 1973 Nihilo
267 1931 404 1972 minus
420 1938 561 1972 tamen
577 1946 660 1972 non
678 1946 860 1986 possmn,
879 1931 993 1985 quin,
1017 1937 1153 1972 motus
1170 1937 1210 1971 et
1225 1930 1415 1986 integrae
1434 1944 1583 1972 causae
1601 1930 1936 1972 consideratione

108 2014 147 2048 et
186 2006 403 2047 literarum
438 2004 730 2054 similitudine,
772 2019 866 2045 mea
902 2004 1101 2059 opinione
1142 2003 1347 2045 rationem
1375 2003 1565 2045 ueritatis
1593 2012 1631 2044 et
1659 2003 1755 2044 fidei
1777 2018 1801 2044 a
1821 2003 1936 2043 nullo

109 2079 369 2128 abiudicans,
392 2078 435 2118 in
452 2078 589 2133 prima
606 2093 629 2118 a
647 2092 712 2118 me
729 2077 828 2119 olim
850 2078 903 2119 ad
920 2079 1030 2119 hunc
1048 2078 1185 2119 locum
1201 2077 1312 2118 facta
1330 2078 1582 2125 coniectura,
1607 2092 1732 2131 quam
1756 2062 1936 2118 Hirsch-

108 2153 267 2194 feldero
305 2167 381 2207 pro
418 2152 554 2193 amica
591 2151 886 2193 consuetudine
922 2165 997 2206 per
1037 2151 1179 2192 literas
1211 2150 1399 2205 exposui,
1432 2150 1715 2204 adquiescam,
1749 2149 1937 2191 scribens

111 2226 164 2267 ad
202 2225 516 2268 sustentandam
554 2225 860 2280 propemodum
898 2224 1166 2266 uaeillantem
1212 2232 1251 2264 et
1286 2223 1595 2278 Porphyrionis
1632 2223 1935 2272 auctoritatem,

115 2299 186 2354 qui
208 2299 342 2355 (ubi-)
366 2314 531 2355 cumque
552 2315 629 2355 pro
650 2300 975 2355 quandocumque
995 2298 1177 2353 positum
1200 2297 1366 2346 dixerit,
1390 2305 1428 2338 et
1450 2311 1581 2351 aeque
1602 2297 1783 2338 libenter
1809 2297 1939 2352 ipsius

111 2372 295 2423 Horatii,
327 2388 451 2428 quem
485 2375 732 2427 ubicumque
763 2388 840 2428 pro
872 2374 1214 2429 quandocumque
1246 2379 1290 2412 ut
1322 2368 1450 2444 Quid.
1473 2370 1570 2412 Am.
1593 2370 1673 2421 HI,
1708 2372 1773 2420 10,
1806 2372 1829 2412 5
1862 2370 1937 2410 ad-

80 2446 297 2504 xhibuisse
343 2445 446 2487 mihi
496 2454 631 2487 ratum
675 2454 799 2500 atque
844 2460 1088 2501 persuasum
1133 2453 1213 2487 est:
1263 2446 1327 2487 mi
1360 2446 1656 2500 ubicumque
1700 2445 1813 2486 salue
1852 2444 1939 2485 Rite

112 2522 286 2570 uocanti,
319 2535 395 2575 pro
427 2521 526 2561 mila·
545 2521 782 2575 ‘ubicumque
803 2527 878 2561 etc.
924 2519 1059 2561 Elisio
1090 2535 1198 2560 rara.
1232 2520 1339 2560 conf.
1372 2534 1447 2560 me:
1480 2517 1559 2568 ΙΙΙ,
1584 2518 1650 2568 29,
1674 2518 1697 2559 5
1730 2525 1770 2558 et
1798 2516 1938 2572 Epod.

113 2592 167 2643 V,
201 2595 238 2634 9.
271 2603 327 2635 te:
361 2592 409 2635 C.
440 2593 497 2643 Π,
530 2595 568 2643 3,
603 2595 640 2634 6.

113 2680 158 2722 p.
191 2668 272 2708 479
304 2680 352 2711 u.
387 2669 451 2708 15.
483 2666 622 2722 Epod.
655 2666 754 2716 VII,
790 2668 839 2708 15
872 2665 1085 2721 <P01·pl1.).
1144 2665 1230 2706 Pro
1268 2660 1360 2706 lecti
1392 2665 1507 2720 uulg.
1552 2664 1723 2718 Eleqans
1754 2665 1939 2711 otiositas,

251 2755 357 2795 quae
379 2740 500 2780 nihili
521 2747 582 2781 est
604 2739 846 2794 (otiositates
878 2740 1001 2780 edere
1034 2737 1180 2780 Sidon.
1212 2738 1263 2779 E.
1285 2738 1343 2788 II,
1367 2739 1439 2793 10)
1462 2737 1731 2779 scribendum
1752 2737 1939 2778 uidetur:

250 2813 438 2868 Elegans
477 2815 746 2861 taciturnitas,
785 2819 828 2854 ut
861 2811 950 2854 Cic.
991 2811 1138 2864 Quint.
1171 2814 1215 2853 5:
1264 2810 1526 2852 taciturnitas
1558 2812 1731 2859 testeum,
1768 2810 1941 2851 minime

251 2901 352 2927 uero
372 2894 429 2936 tu,
452 2894 634 2927 ueterem
663 2885 718 2927 H.
746 2884 951 2941 Stephani
972 2886 1127 2927 librum
1150 2899 1340 2940 sequens,
1363 2891 1541 2939 tempta:
1574 2883 1763 2939 Elegans
1785 2885 1941 2931 iocatz'o,

252 2966 323 3000 aut
367 2959 575 3015 eleqavzlet·
620 2966 659 3000 et
702 2960 900 3008 iocose'us3
947 2975 1045 3000 nam
1085 2959 1153 3000 hic
1197 2974 1281 3000 non
1327 2964 1387 3000 est
1424 2957 1584 2999 foecunde·
1613 2971 1740 3012 qeuus
1783 2958 1942 3012 eleqaus

254 3031 366 3087 (Cic.
399 3031 484 3075 Off.
517 3032 550 3082 I,
583 3035 670 3089 29).

119 3119 164 3162 1).
197 3106 292 3147 496.
323 3119 370 3150 u.
406 3108 456 3146 12
495 3106 548 3146 ad
584 3106 723 3161 Epod.
764 3106 876 3156 XII,
923 3107 960 3147 8.
1008 3107 1151 3147 Peuem
1189 3111 1274 3145 tam
1314 3105 1493 3146 mulieris
1538 3131 1592 3134 —
1631 3130 1690 3154 -,
1738 3118 1862 3158 quem
1904 3110 1944 3145 et

254 3186 417 3220 ueteres
433 3186 473 3220 et
493 3186 658 3220 nostrae
680 3179 828 3220 aetatis
857 3179 1022 3229 medici,
1046 3193 1222 3233 quorum
1250 3178 1392 3234 plures
1413 3178 1521 3220 hanc
1551 3178 1605 3220 ob
1627 3192 1717 3219 rem
1738 3177 1942 3228 consului,
