2170 3460
189 558 206 587 ΕΠ

189 923 230 955 10

191 1290 231 1321 15

257 124 310 163 32
893 129 999 162 Aen.
1027 129 1087 161 ET
1112 128 1278 161 PORPH.
1305 127 1452 162 COMM.

368 256 433 296 12.
470 256 604 306 Quam
635 254 775 296 domus
806 254 1024 296 Albuneae.
1084 250 1327 294 Albuneam
1357 251 1480 293 deam
1511 257 1551 293 et
1580 251 1625 292 in
1654 251 1829 307 regione
1859 249 2085 291 Tiburtina

254 328 380 370 fontis
410 327 650 384 praesidem
680 334 721 369 et
751 327 942 381 Verqilz'us
973 326 1089 368 testis
1119 332 1194 376 est,
1226 325 1298 380 qui
1335 325 1379 366 in
1400 325 1578 380 septimo
1600 323 1674 379 (A.
1696 323 1798 374 VII,
1821 324 1895 377 83)
1927 323 1987 364 sic
2007 323 2083 364 ait:

255 403 461 459 Lucosque
492 402 564 444 sub
586 402 670 443 alta
697 400 877 443 Consulit
898 400 1083 441 Albunea
1112 413 1320 441 nemorum
1350 414 1451 455 quae
1471 400 1651 440 maxima
1672 412 1790 440 sacro
1812 398 1938 439 Fonte
1957 404 2085 438 sonat.

369 476 434 516 13.
470 477 506 517 T
506 476 645 517 e'burm'
673 475 803 516 lucus.
863 473 1081 514 Tiburnus
1118 471 1310 514 conditor
1341 471 1516 513 Tiburis
1554 478 1628 521 est,
1667 470 1787 513 cuius
1817 471 1968 512 fratres
1999 467 2086 511 Ca-

255 549 369 591 tillus
399 555 439 590 et
471 546 619 598 Coras,
658 562 835 603 quorum
874 546 984 601 Verq.
1017 544 1092 601 (A.
1114 545 1216 596 VII,
1248 546 1350 601 672)
1386 544 1596 586 meminit:
1641 544 1886 600 Catillusque
1917 557 2086 599 acerque

261 624 399 672 Coras,
430 623 586 676 Aryz'ua
615 623 815 662 ‘iuuentus

371 697 436 738 13.
471 696 535 735 14.
571 695 658 736 Uda.
689 694 904 736 Mobilibus
935 695 1126 750 pomaria
1156 694 1269 734 riuis.
1328 691 1507 747 Inrigua
1536 690 1728 746 intellegi
1758 689 1860 731 uult.

370 770 436 811 15.
468 768 595 810 Albus
626 792 679 797 —
709 775 839 808 notus.
900 765 1027 808 Hanc
1058 765 1237 822 (He'ncP)
1274 764 1384 806 oden
1421 764 1593 819 quidam
1630 769 1780 819 putant
1814 762 1942 804 aliam
1982 777 2086 813 esse,

254 843 328 885 sed
365 842 513 884 eadem
550 846 633 890 θεῖς
664 855 764 881 nam
794 846 834 881 et
863 839 934 881 hic
964 839 1018 881 ad
1047 838 1255 880 Plancum
1284 837 1482 892 loquitur,
1520 837 1564 878 in
1595 837 1713 878 cuius
1742 836 1945 878 honorem
1976 842 2017 877 et
2045 836 2090 877 in
2160 863 2162 889 7

257 915 466 972 superiori
495 921 615 970 parte
646 913 782 955 Tibur
811 913 1013 954 laudauit.
1073 912 1258 953 Plancus
1289 911 1401 952 enim
1432 910 1530 952 inde
1560 910 1639 951 fuit
1667 909 1883 952 oriundus.
1943 910 2089 952 Album

255 996 394 1032 autem
423 997 562 1031 uotum
592 988 711 1039 dixit,
741 995 786 1028 ut
818 985 977 1029 Graeci
1009 985 1155 1026 λευκὸν
1189 984 1319 1034 νότον,
1353 984 1465 1039 quod
1496 998 1691 1025 serenum
1720 983 1861 1025 faciat.

368 1064 434 1104 22.
475 1063 540 1103 23.
586 1063 673 1104 Uda
712 1061 843 1117 Lyaeo
886 1061 1096 1116 Tempora.
1127 1057 1384 1112 Ὑπαλλαγής
1416 1057 1556 1113 ipsum
1596 1057 1709 1099 enim
1748 1057 1875 1099 udum
1911 1056 2091 1113 Lyaeum

255 1136 447 1192 intellegi
478 1141 656 1191 oportet,
688 1134 731 1175 id
763 1140 837 1184 est,
868 1132 1028 1174 uinum.

369 1211 436 1251 23.
470 1209 648 1266 Populea
671 1233 723 1238 —
746 1222 908 1249 corona.
966 1204 1098 1255 Bene,
1130 1219 1213 1246 non
1245 1203 1430 1259 qualibet
1461 1204 1535 1246 sed
1561 1205 1736 1261 populea
1759 1217 1922 1254 corona,
1955 1217 2086 1258 prop-

258 1291 322 1325 ter
351 1282 640 1326 fortitudinem
671 1281 823 1330 animi3
855 1295 953 1321 nam
983 1279 1088 1320 haec
1119 1278 1244 1319 arbos
1274 1277 1318 1318 in
1348 1277 1477 1319 tutela
1506 1276 1707 1319 Herculis
1738 1283 1811 1319 est.

373 1358 438 1398 29.
472 1356 710 1410 Ambz'quam
730 1355 941 1396 Salamina
970 1367 1083 1394 nunc
1113 1350 1325 1406 duplicem
1356 1351 1664 1406 intellegamus,
1697 1350 1896 1405 quoniam
1917 1350 2091 1390 alteram

258 1431 424 1473 Teucer
454 1430 497 1470 in
528 1428 665 1471 insula
698 1425 844 1483 Cypro
876 1425 1078 1476 condidit,
1109 1424 1247 1480 patria
1277 1439 1302 1465 a
1331 1423 1563 1466 Telamone
1593 1424 1762 1466 eiectus.

371 1505 438 1545 30.
470 1504 505 1546 Ο
534 1504 659 1557 sortes
685 1503 902 1557 peioraque
925 1501 1052 1556 passi.
1111 1497 1174 1539 Ut.
1201 1498 1312 1552 Verq.
1344 1497 1421 1553 (A.
1443 1497 1477 1548 I,
1512 1498 1634 1553 199):
1681 1497 1717 1538 O
1744 1502 1864 1554 passi
1895 1495 2092 1550 qraue‘ora

259 1580 357 1621 deus
389 1578 498 1619 dabit
528 1577 587 1618 lu's
619 1590 771 1632 quoque
798 1575 930 1630 finem.

370 1652 436 1692 32.
470 1650 709 1692 Iterahimus
740 1662 900 1704 aequor.
962 1644 1150 1698 Quidam
1189 1644 1312 1686 stulte
1349 1643 1402 1685 ab
1440 1645 1578 1686 itinere
1616 1643 1794 1686 uerbum
1823 1644 1972 1686 fictum
2003 1657 2087 1697 pu-

258 1733 359 1775 tant,
399 1724 473 1766 sed
508 1737 776 1778 nequaquam
814 1721 875 1763 sic
905 1718 1214 1774 accipiendum,
1254 1732 1349 1760 cum
1379 1717 1612 1773 simplicior
1644 1717 1824 1760 elocutio
1854 1716 1993 1773 magis
2023 1730 2091 1756 ra-

257 1798 414 1840 tionem
457 1797 622 1838 habeat.
691 1795 856 1837 Teucer
893 1793 1006 1835 enim
1042 1791 1149 1833 mari
1189 1797 1375 1841 uenerat,
1421 1791 1562 1847 (quia)
1604 1791 1743 1846 patria
1780 1790 1937 1833 eiectus
1975 1789 2090 1844 (est),

259 1886 403 1913 errans
433 1871 584 1927 ingens
613 1872 709 1915 item
739 1875 785 1910 ut
814 1870 956 1909 iterent
985 1865 1329 1921 mauigationem,
1362 1864 1497 1906 socios
1527 1865 1729 1906 hortatur.

256 2006 387 2035 videtur
413 2005 530 2034 dicere.
551 2002 594 2033 C:
621 2007 722 2041 aptum
746 2001 818 2031 elicit
843 2001 967 2030 laudat.
994 1999 1114 2037 Aptum
1140 2001 1249 2027 autem
1267 1997 1372 2036 Argos
1390 2005 1509 2036 genere
1533 2001 1646 2028 neutro
1673 1997 1885 2036 singulariter
1909 1997 1999 2026 dicit.
2018 2005 2092 2025 nam

262 2062 385 2100 plurale
402 2060 481 2101 Aryi
505 2064 552 2090 est
578 2060 801 2089 masculinum.
828 2057 987 2087 Homerus
1006 2055 1147 2093 appellat
1166 2052 1260 2097 ἄργος
1276 2051 1460 2096 ἱππόβοτον.
1479 2065 1532 2085 rv:
1559 2055 1754 2084 homericum
1775 2054 1834 2094 [est
1849 2063 1908 2084 om.
1926 2050 2091 2091 uterque}

258 2119 311 2149 Sir:
344 2119 428 2148 enim
461 2118 499 2146 de
525 2117 582 2145 hoe
616 2117 682 2145 ille.
715 2115 768 2144 Me
793 2124 824 2143 11.
850 2119 874 2143 t.
902 2124 932 2151 p.
965 2112 1172 2141 lacedaemon
1204 2112 1262 2141 11οο
1293 2114 1464 2149 propterea
1503 2111 1581 2151 [om.
1605 2120 1663 2150 pro
1688 2110 1772 2150 cet.].
1810 2108 2011 2152 ιπποβατον.
2042 2105 2093 2138 δια

259 2184 460 2217 μεσιωσον
487 2174 617 2203 uidetur
644 2173 760 2202 dicere.
789 2171 883 2206 Quod
910 2170 1008 2199 schol.
1028 2169 1205 2198 Aseensius
1230 2169 1349 2197 abiecit
1375 2169 1421 2197 sic
1446 2169 1578 2198 breuius
1603 2178 1636 2198 se
1661 2169 1860 2207 expediens:
1886 2167 2093 2197 Homericum

259 2250 298 2254 —-
318 2232 372 2262 ille
397 2229 498 2273 ἄργος
522 2227 720 2272 ἱππόβοτον.
747 2227 853 2257 Μθ-
870 2226 1100 2256 Lacedaemon.
1128 2225 1331 2254 Lacunarum
1356 2229 1503 2254 amantes
1528 2226 1624 2255 11111·οθ
1650 2226 1899 2255 delectabuntur
1917 2232 2019 2261 nuper
2044 2232 2093 2251 re-

258 2290 363 2328 petita
393 2288 506 2318 scholii
542 2287 644 2317 nostri
677 2285 836 2314 editione:
875 2284 925 2312 Me
951 2300 992 2304 —
1018 2280 1241 2320 Lacedaemon]
1271 2282 1406 2311 Hoc...
1424 2305 1444 2318 .,
1479 2285 1648 2319 propterea
1666 2304 1672 2310 .
1689 2303 1695 2310 .
1713 2304 1719 2310 .
1737 2303 1758 2319 .,
1784 2290 1847 2319 qua
1862 2303 1868 2309 .
1885 2302 1891 2309 .
1909 2303 1914 2309 .
1942 2280 2025 2308 ratio
2054 2295 2091 2299 —«

259 2356 298 2376 ne
330 2350 415 2375 certe
448 2344 530 2374 nihil
565 2343 714 2372 efficitur.

372 2402 407 2441 2)
432 2405 460 2430 et
482 2410 564 2439 neq-y.
583 2399 627 2428 M.
658 2403 685 2428 ec
718 2399 801 2436 uirg.
827 2396 886 2425 1⁷12.
913 2400 939 2425 ec
963 2405 1022 2425 0111.
1055 2397 1105 2425 fh.
1139 2400 1165 2425 et
1196 2397 1228 2425 in
1261 2405 1325 2434 reg.
1360 2395 1445 2424 th.
1477 2394 1520 2423 sic
1550 2403 1610 2423 0111.
1645 2394 1736 2423 vafh.
1793 2393 1828 2432 3)
1861 2396 1957 2432 ponte
1991 2391 2034 2422 Cf
2060 2392 2091 2422 11.

259 2460 293 2498 4)
319 2459 454 2488 Tiburni
480 2458 576 2486 locus.
596 2455 758 2484 Tiburnus
776 2454 820 2483 M.
840 2454 963 2482 tiburni
990 2454 1076 2483 lucus
1095 2453 1135 2482 A.
1162 2452 1202 2481 111.
1229 2452 1341 2482 tiburti
1367 2455 1396 2480 et
1421 2451 1562 2490 tyburti:
1598 2455 1641 2480 est
1663 2460 1724 2480 om.
1751 2450 1791 2480 A.
1825 2451 1937 2480 fratres
1961 2448 2092 2478 MARC.

258 2516 327 2545 rell.
362 2515 472 2545 frater.
534 2514 567 2551 5)
606 2511 697 2541 cath.
731 2515 760 2540 et
799 2510 919 2540 Chorus
954 2510 997 2540 M.
1030 2519 1125 2539 corna:
1164 2509 1299 2545 RLrva.
1339 2507 1438 2538 Corus
1476 2506 1528 2537 fh.
1568 2505 1708 2536 Catillus
1750 2511 1782 2536 et
1820 2506 1920 2536 Coras
1956 2515 2015 2536 om.
2054 2504 2090 2535 C.

259 2573 293 2611 6)
321 2571 409 2601 Catlz.
437 2574 467 2600 et
495 2569 610 2599 Chorus
635 2568 678 2597 M.
707 2577 802 2597 corax
821 2566 895 2597 Crv.
946 2567 979 2605 7)
1007 2568 1133 2603 inrigua
1153 2566 1196 2594 M.
1245 2566 1280 2604 8)
1307 2564 1399 2594 Hanc
1424 2564 1515 2593 codd.
1546 2568 1578 2593 et
1602 2564 1676 2593 01111.
1702 2572 1825 2601 omnes,
1851 2567 1959 2601 potest
1984 2566 2093 2592 autem

259 2629 431 2666 disputari,
458 2630 565 2656 utrum
591 2625 669 2661 hinc,
697 2625 728 2654 i1l
755 2629 815 2660 est,
843 2624 916 2653 inde
942 2624 981 2653 ab
1007 2624 1065 2653 hoc
1083 2633 1179 2652 uersu
1204 2622 1376 2660 legendum
1403 2621 1457 2657 sit,
1483 2629 1555 2649 cum
1572 2620 1775 2660 I'rophyrion
1801 2630 1915 2650 nouam
1933 2620 2013 2650 011011
2031 2628 2091 2649 non

259 2686 447 2722 adgnoscat.
509 2684 542 2722 1))
569 2684 685 2711 honore
709 2680 890 2717 MlG7rva,
923 2680 1071 2709 honorem
1095 2679 1191 2716 R,f11.
1225 2682 1257 2707 et.
1288 2679 1319 2707 in
1348 2676 1474 2706 Mum.
1507 2676 1538 2705 iu
1563 2686 1623 2706 om.
1655 2677 1763 2706 rvafh.
1828 2677 1883 2716 10)
1908 2676 2015 2715 Tybur
2047 2675 2092 2713 M,

259 2751 325 2770 rva.
354 2742 484 2769 tihurem.
509 2740 544 2768 R.
598 2739 653 2777 10)
680 2738 746 2767 lude
778 2735 932 2766 Ml-MGC.
967 2736 1080 2765 Tiburi
1111 2736 1158 2764 fh.
1192 2737 1300 2775 tyburi
1335 2745 1381 2772 rv,
1416 2736 1583 2775 'l'yliurcizh
1617 2734 1749 2763 notlzum
1779 2733 1823 2762 M.
1858 2729 1970 2763 λευκὸν
2002 2730 2092 2762 νότον

260 2796 453 2825 M.x1‹¹‹.1·v.
489 2792 524 2825 ,1.
560 2794 744 2825 ΧΟΤΙΙΟΝ
787 2794 824 2822 B.
858 2790 1046 2823 λευκόνοτον
1080 2791 1179 2822 Cafh.
1232 2794 1286 2831 13)
1320 2793 1442 2831 lyaeum
1473 2793 1531 2821 int.
1569 2790 1756 2820 Multa-v.
1792 2790 1898 2828 Lyaeo
1929 2790 1987 2819 int.
2021 2789 2091 2817 afh.

260 2854 366 2882 uinum
383 2852 510 2888 MAllt,
537 2853 608 2880 uino
634 2851 725 2880 vasli.
780 2851 834 2889 1-1)
860 2850 945 2888 qual.
974 2859 1046 2887 pop.
1074 2859 1191 2879 corona
1208 2848 1364 2886 MAIRG,
1390 2849 1459 2878 rell.
1480 2848 1593 2886 quaml.
1615 2857 1686 2885 pop.
1707 2856 1860 2876 coronam.
1913 2845 1968 2884 15)
2001 2846 2093 2875 arbos

262 2910 354 2939 (totid.
383 2913 415 2938 et.
440 2918 486 2944 rv,
513 2908 580 2937 rell.
607 2906 705 2936 arbor.
733 2907 865 2936 tutelam
889 2906 932 2935 M.
986 2906 1040 2944 17)
1068 2907 1129 2935 ins.
1159 2905 1241 2945 ΟΠ»,
1268 2906 1360 2935 codd.
1413 2905 1468 2944 19)
1495 2905 1574 2933 (leus
1605 2904 1678 2932 111111.
1712 2902 1756 2931 M.
1789 2903 1881 2931 dabit.
1914 2902 1992 2931 (leus
2023 2910 2090 2931 rva.

262 2977 322 2996 oin.
355 2966 402 2994 fh.
464 2965 524 3003 20)
559 2965 594 2992 it.
623 2964 724 2992 stulte
750 2964 786 2992 It.
814 2963 935 2992 (lictum
962 2964 991 2991 2.
1025 2962 1102 2991 euim
1132 2972 1192 2991 om.
1233 2962 1325 2991 vasli.
1388 2962 1445 3001 22)
1486 2961 1560 2999 que'u
1598 2964 1663 2997 pat.
1702 2958 1773 2988 MR.
1813 2959 1865 2997 qui
1898 2968 1916 2987 a
1941 2958 2091 2996 pat.2(1'.

263 3022 320 3061 22)
347 3022 423 3059 quia
447 3031 462 3049 11
491 3024 556 3058 pat.
578 3019 686 3048 rvash.
714 3019 771 3057 23)
788 3019 844 3048 iter
862 3020 892 3048 h.
912 3020 931 3048 l.
959 3029 1023 3049 non
1050 3022 1097 3048 est
1122 3018 1301 3048 iterabimus.
1336 3019 1486 3048 Nostram
1514 3018 1723 3055 scriptionem
1741 3016 1857 3045 suadet
1875 3015 1945 3053 ipsa
1962 3018 2091 3044 sentcn-

262 3079 379 3107 tiarum
406 3077 580 3115 simplicior
606 3077 768 3105 iunctura:
795 3085 858 3106 non
885 3086 901 3104 11
927 3085 958 3105 11.
986 3075 1042 3105 iter
1067 3076 1122 3105 sed
1148 3076 1186 3105 111)
1211 3075 1316 3105 iterum
1341 3076 1473 3105 uerbum
1499 3073 1607 3103 iterari
1631 3076 1677 3102 cst
1702 3072 1895 3101 deriuatum.
