2283 3535
320 163 481 209 XVIII
907 178 1141 211 ADDENDA
1167 179 1228 210 ET
1254 178 1576 212 CORRIGENDA.

323 302 450 344 liceat
499 309 539 344 et
582 308 844 358 opportunus
891 303 1061 345 dicendi
1107 303 1159 344 sit
1203 303 1339 354 locus,
1384 304 1511 359 paulo
1557 304 1768 360 copiosius
1813 304 1952 360 loqui,
1990 313 2164 361 propter

322 376 608 432 Porphyrionis
631 379 914 419 auctoritatem
934 392 1073 418 meum
1096 383 1168 418 est.
1219 376 1345 418 Hanc
1367 377 1671 429 auctoritatem,
1694 378 1738 419 in
1758 378 1900 433 priore
1919 377 2012 419 loco
2035 392 2164 433 quam

321 449 531 491 deducere
551 450 794 506 indagando
817 458 855 492 et
879 451 1150 506 conparando
1185 451 1278 506 ipsa
1299 465 1343 491 re
1365 450 1526 492 incerta
1547 451 1866 506 inpellebamur,
1895 464 2008 492 nunc
2031 450 2162 492 simili

320 522 565 564 discrimine
587 539 728 565 rerum
750 532 819 565 aut
842 524 1068 566 defendere
1100 531 1139 565 ct
1160 524 1323 565 fortiter
1342 524 1449 565 tueri
1472 524 1605 566 coacti
1628 540 1783 575 sumus,
1805 530 1889 574 aut,
1920 523 1994 565 ubi
2014 538 2162 566 neces-

321 596 478 638 sarium
499 597 759 652 putabimus,
792 598 827 639 si
858 613 942 638 non
964 597 1220 648 subuertere,
1254 606 1365 639 certe
1396 606 1610 653 tamquam
1641 598 1816 639 minoris
1847 597 1973 653 pretii
2003 597 2162 639 reicere

320 677 359 710 et
390 670 443 712 ad
475 678 644 712 certum
676 671 890 726 quoddam
923 671 1126 712 iudicium
1157 686 1369 713 reuocare.

437 742 639 786 Scholion
681 744 843 799 Porph.
881 744 924 785 in
966 744 1266 787 uetustioribus
1303 745 1424 787 libris
1461 745 1519 786 ita
1551 760 1594 788 se
1624 745 1769 787 habet:
1808 745 1906 787 mihi
1933 759 2100 801 cumque
2130 761 2161 786 s.

321 833 355 859 r.
390 819 501 873 u.**)
539 818 715 874 Cumque
752 833 830 873 pro
862 819 1195 875 quandocumque
1231 821 1414 874 positum
1453 826 1532 869 est,
1569 826 1614 860 ut
1645 819 1714 860 sit:
1754 817 1794 860 O
1827 818 1949 860 dulce
1979 818 2162 860 lenimen

321 890 428 931 mihi
461 890 813 946 quandocumque
850 899 888 932 te
926 892 1004 933 rite
1042 892 1257 933 inuocanti
1289 892 1416 947 (recc.
1458 892 1578 934 codd.
1611 900 1649 933 et
1681 892 1775 933 edd.
1807 894 1983 942 uocanti,
2014 906 2162 934 uocem

319 963 508 1013 Horatii,
539 964 731 1020 habent).

432 1036 676 1079 Notandum
709 1045 782 1088 est,
826 1039 868 1079 in
906 1038 1065 1081 scholio
1108 1040 1216 1081 salue
1247 1038 1421 1080 verbum
1464 1039 1517 1081 ab
1549 1039 1744 1081 omnibus
1774 1038 1895 1081 libris
1926 1039 2074 1089 omitti,
2104 1038 2163 1080 ita

319 1118 362 1152 ut
401 1111 568 1152 datiuus
610 1112 709 1153 nn‘ln'
736 1127 819 1153 non
851 1112 905 1153 ad
927 1113 1041 1154 salue
1071 1112 1145 1154 sed
1176 1113 1230 1153 ad
1262 1113 1378 1155 dulce
1410 1114 1578 1155 lenimen
1609 1113 1821 1168 pertinere
1844 1113 2054 1168 putandus
2085 1112 2158 1162 sit3

320 1191 457 1241 potest
487 1192 627 1227 autem
658 1200 778 1227 error
811 1200 901 1227 esse
933 1201 957 1227 a
988 1186 1183 1241 principe
1215 1186 1361 1228 codice
1392 1186 1436 1227 in
1467 1186 1646 1228 seriores
1678 1186 1809 1228 libros
1841 1192 2114 1242 propagatus.

434 1257 747 1301 Grauissimam
779 1266 919 1301 autem
941 1259 1066 1301 huius
1098 1259 1179 1301 loci
1211 1274 1372 1310 uocem,
1406 1275 1512 1315 quae
1544 1267 1762 1315 tantopere
1793 1266 1853 1301 tot
1881 1259 1997 1302 uiros
2018 1259 2162 1302 doctos

318 1333 501 1383 uexauit,
535 1347 683 1375 omnes
704 1334 855 1375 merito
880 1340 1030 1389 putant
1053 1348 1230 1389 cumque,
1264 1333 1381 1375 cuius
1412 1334 1456 1374 in
1477 1348 1581 1375 aeuo
1613 1348 1740 1375 aureo
1770 1349 1869 1375 usus
1890 1333 1985 1375 ideo
2006 1348 2162 1389 magna

321 1407 510 1461 quaestio
542 1414 616 1457 est,
650 1407 762 1462 quod
794 1407 848 1448 ad
879 1422 1008 1449 unum
1040 1422 1184 1449 omnes
1216 1414 1255 1448 et
1276 1406 1446 1449 Horatii
1479 1414 1517 1448 et
1537 1406 1846 1463 Porphyrionis
1878 1406 2057 1457 codices,
2089 1407 2163 1462 qui

319 1480 429 1522 hanc
462 1478 712 1523 Carminum
744 1488 909 1536 partem
943 1481 1171 1531 continent,
1205 1496 1300 1522 raro
1332 1496 1537 1523 consensu
1569 1495 1661 1521 eam
1692 1488 1871 1522 tuentur.
1932 1479 2163 1533 Quaeritur

320 1569 443 1610 ergo,
476 1570 577 1595 num
610 1568 775 1610 cumque
806 1554 1015 1610 particula
1046 1555 1234 1596 absolute
1271 1554 1473 1605 adhibita,
1505 1555 1563 1595 ita
1593 1561 1635 1596 ut
1666 1569 1802 1609 neque
1833 1553 1976 1596 tmesis
1998 1553 2162 1596 adesset

319 1643 457 1683 neque
479 1627 656 1669 uerbum
679 1635 938 1684 sequeretur,
970 1627 1140 1670 Horatii
1173 1635 1308 1670 aetate
1338 1644 1415 1684 pro
1447 1630 1682 1686 quandoque
1714 1628 1802 1670 siue
1833 1628 2161 1685 quandocumque

318 1703 362 1743 in
392 1717 469 1744 usu
499 1701 638 1743 fuerit.
701 1701 828 1755 Quod
861 1702 933 1743 alii
966 1703 1094 1757 (conf.
1127 1701 1272 1743 Hand.
1306 1701 1486 1744 Tursell.
1518 1701 1576 1752 II,
1611 1703 1712 1758 174)
1755 1708 1985 1758 negarunt,
2019 1701 2093 1743 alii
2122 1709 2162 1743 et

317 1776 627 1832 Porphyrionis
658 1783 698 1817 et
727 1775 899 1818 Horatii
930 1776 1222 1818 auctoritatem
1254 1790 1422 1818 seruare
1455 1776 1594 1818 conati
1629 1782 1726 1817 sunt
1754 1775 1914 1817 maiore
1955 1775 2091 1818 studio
2122 1783 2162 1817 et

318 1849 553 1906 pertinacia
593 1850 707 1891 ducti
745 1865 871 1905 quam
911 1850 1162 1891 testimoniis
1202 1850 1351 1891 muniti
1391 1857 1428 1891 et
1461 1849 1587 1891 rectis
1617 1849 1707 1890 nixi
1739 1848 1985 1891 rationibus.
2044 1849 2162 1890 Inter

319 1924 394 1965 hos
440 1924 668 1979 praecipue
715 1923 997 1965 nominandus
1029 1931 1089 1965 est
1126 1924 1249 1980 Gasp.
1282 1924 1461 1966 Orellz'us
1507 1923 1625 1964 illum
1669 1938 1790 1965 usum
1833 1923 2018 1978 quinque
2057 1922 2160 1964 locis

319 1997 510 2038 Lucretii
547 1996 612 2047 II,
659 1999 725 2038 21.
761 1998 853 2038 143.
887 1996 941 2046 V,
981 1998 1074 2038 343.
1108 1999 1186 2039 567
1221 2004 1260 2038 et
1290 1996 1376 2047 VI,
1425 1998 1476 2038 85
1517 1997 1779 2052 conprobare
1825 1996 2040 2047 laborans,
2089 1997 2161 2052 qui

319 2072 433 2112 haud
460 2071 597 2127 magis
619 2072 807 2113 veritatis
829 2078 899 2112 aut
921 2071 1209 2113 similitudinis
1232 2070 1416 2126 speciem
1438 2085 1586 2127 gerere
1608 2070 1803 2112 videntur
1825 2078 1949 2126 atque
1970 2070 2087 2113 locus
2109 2084 2160 2111 ex

323 2144 429 2186 Cod.
462 2145 672 2187 Theodos.
705 2144 812 2194 XII,
847 2146 884 2194 6,
917 2146 970 2186 32
1003 2160 1027 2185 a
1058 2144 1343 2200 Cuningham.
1376 2144 1420 2185 in
1441 2144 1762 2186 Animaduerss.
1795 2160 1835 2200 p.
1858 2145 1942 2186 4:20
1972 2144 2157 2186 adlatus:

322 2222 481 2261 Aurum
525 2225 612 2261 siue
660 2229 873 2275 arqenlmn
917 2234 1123 2275 cumque
1160 2236 1183 2260 a
1216 2234 1451 2276 possessore
1498 2219 1709 2273 confertur
1761 2225 1858 2268 etc.‚
1913 2233 1996 2273 quo
2043 2221 2158 2274 Huqo

322 2292 405 2333 Iur.
438 2293 632 2334 Anteiur.
662 2293 721 2344 Π,
754 2294 835 2335 884
867 2308 918 2334 ex
942 2291 1047 2335 Cod.
1078 2292 1305 2334 Justinian.
1339 2293 1453 2334 omni
1484 2292 1574 2333 iure
1605 2306 1750 2333 ueram
1783 2292 2007 2334 lectionem
2038 2292 2159 2348 quod-

322 2382 487 2424 cumque
530 2367 709 2409 reduxit.
784 2367 852 2407 Illi
898 2381 950 2407 ne
995 2366 1074 2408 hac
1120 2366 1260 2408 fallaci
1297 2366 1595 2421 probabilitate
1637 2366 1901 2416 fallerentur,
1950 2366 2158 2408 lubricam

321 2441 657 2482 coniecturarum
705 2441 816 2482 viam
862 2441 1043 2496 ingrcssi
1082 2447 1188 2482 sunt.
1265 2439 1388 2482 Unus
1427 2455 1572 2481 eorum
1615 2439 1881 2496 Goeltle'nqe'us
1917 2439 2157 2495 proposuit:

324 2515 452 2565 Quale
483 2515 665 2556 lenimen
688 2514 791 2555 mihi
815 2529 992 2570 cumque,
1025 2514 1144 2555 tmesi
1178 2520 1318 2555 creata
1349 2529 1470 2555 usum
1492 2513 1691 2569 loquendi
1723 2520 1983 2563 seruaturus3
2016 2513 2156 2569 plures

322 2588 364 2628 in
387 2588 593 2642 particula
627 2602 792 2644 cumque
812 2588 961 2629 uitium
993 2588 1121 2629 latere
1143 2587 1365 2643 opinantes
1400 2587 1519 2628 uaria
1554 2593 1877 2643 temptauerunt.
1943 2586 2156 2642 Equidem

322 2662 550 2716 aliquando
582 2661 772 2704 Berolini
803 2677 972 2703 morans
1005 2661 1346 2716 excogitaueram
1377 2661 1488 2702 hanc
1518 2660 1745 2702 medelam:

1404 2749 1427 2775 o
1458 2734 1650 2776 laborum

843 2807 981 2850 Dulce
1014 2808 1199 2849 lenimen
1230 2809 1491 2863 mele‘cumque
1524 2807 1638 2849 salue

1069 2881 1165 2923 Rite
1196 2882 1379 2932 uocanti,

320 2970 403 3009 quo
448 2955 653 2997 laboribus
698 2954 1001 3011 adiungeretur
1050 2956 1117 2997 uc]
1163 2962 1448 3011 opponeretur
1492 2955 1654 3011 gratius
1699 2955 1921 2997 testudinis
1970 2954 2155 2997 officium

435 3132 491 3171 **)
517 3132 648 3170 Exigua
684 3142 734 3163 res
760 3143 862 3172 neque
899 3137 1007 3163 tamen
1034 3134 1065 3163 in
1092 3134 1158 3162 loco
1184 3138 1302 3163 uexato
1328 3134 1583 3171 contempnenda
1615 3137 1665 3163 est
1695 3134 1809 3163 lemma
1842 3143 1884 3163 ex
1913 3133 1946 3162 M
1978 3142 1997 3162 a
2027 3132 2154 3163 Halmio

322 3190 367 3218 ita
392 3190 610 3227 exscriptum:
636 3189 708 3218 milei
733 3189 788 3219 rite
811 3190 894 3220 salae
919 3200 1040 3228 cumque
1063 3190 1195 3220 uocanti.
1223 3190 1250 3225 Q
1277 3200 1304 3228 p.
1331 3190 1389 3220 XV
1413 3191 1451 3219 de
1478 3190 1538 3220 hoc
1562 3193 1659 3220 tacet.
