2283 3535
335 247 417 286 520
967 256 1072 286 Aen.
1100 255 1159 287 ΕΤ
1186 256 1352 287 PORPH.
1379 255 1526 287 coMM.

332 395 354 421 e
385 380 596 422 contrario
635 380 844 434 Verqilius,
877 393 971 420 cum
1003 379 1054 419 de
1086 378 1231 420 satiuis
1262 377 1484 420 arboribus
1513 378 1766 433 loqueretur,
1799 378 1857 419 ait
1888 377 1965 433 (G.
1985 378 2043 428 II,
2067 380 2160 430 82):

332 455 486 497 Mirata
518 461 647 509 estque
674 468 804 494 nouas
834 453 1001 506 frondes
1034 459 1069 492 et
1099 467 1179 493 uon
1210 468 1285 494 sua
1313 467 1445 508 poma.
1493 451 1676 501 Deinde,
1719 451 1917 505 quoniam
1948 451 2050 493 alibi
2078 452 2162 502 fici,

331 541 438 580 quae
470 533 618 581 sponte
650 532 891 575 nascuntur,
931 525 1061 566 durae
1092 532 1216 579 atque
1247 525 1508 581 inelegantes
1539 525 1673 566 solent
1704 539 1807 574 esse,
1838 524 1907 565 hic
1937 525 2017 565 ait:
2061 525 2163 580 ficus

330 608 450 641 ornat
480 600 665 641 arborem
698 598 871 656 [suam],
902 606 946 638 ut
968 598 1157 653 pulcram
1181 606 1220 638 et
1241 605 1405 653 gratam
1426 598 1544 640 nasci
1565 597 1813 639 ostenderet.
1875 598 1994 639 Pulla
2025 605 2162 638 autem

263 684 281 712 5
329 671 538 728 nigra[m]
573 672 796 728 significat,
830 672 936 712 sicut
975 672 1085 726 Verq.
1117 671 1176 711 ait
1196 669 1272 726 (G.
1294 671 1375 721 III,
1398 672 1520 726 389):
1557 686 1605 712 ue
1626 672 1799 712 maculis
1819 672 1993 725 tufttscet
2012 672 2164 713 uellera

324 746 452 801 pullis
483 754 724 787 nascentum.
786 744 914 785 Unde
945 751 983 784 et
1007 745 1173 800 pullam
1204 753 1352 786 uestem
1383 744 1660 799 appellamus.

443 820 510 860 48.
544 820 643 860 leuis
676 832 778 874 crep.
813 818 974 873 lympha
1006 818 1138 858 desitis
1163 819 1277 873 pede.
1351 816 1526 859 Poetica
1556 816 1767 872 elegantia
1798 816 1956 858 dictum
1987 824 2028 858 et
2057 818 2159 859 leuis

329 893 490 949 lympha
521 898 561 933 et
592 900 775 948 crepante
800 892 902 947 pede
934 892 1072 933 desilit.
1135 889 1272 932 Simul
1304 898 1341 932 et
1364 905 1489 932 sonus
1512 904 1657 931 uersus
1679 889 1866 931 imitatur
1896 889 2161 932 uelocitatem

328 972 367 1005 et
399 965 618 1020 strepitum
649 979 782 1020 aquae
815 964 1033 1006 currentis.

264 1050 302 1080 lo
442 1040 506 1080 50.
539 1039 737 1094 refertque
770 1047 876 1079 tenta
905 1053 1009 1093 qreoe
1038 1039 1191 1078 amicus
1221 1038 1358 1078 ubera.
1426 1036 1544 1077 Bene
1575 1037 1730 1077 amicus
1762 1036 1834 1090 qui
1867 1037 2055 1090 (uberasP)
2086 1052 2162 1079 re—

326 1113 418 1166 fert.
470 1110 750 1152 Praedixerat
772 1111 830 1166 (u.
853 1112 927 1151 49:
950 1112 1122 1152 mtussae
1142 1111 1345 1165 ueniunt),
1367 1119 1413 1151 ut
1435 1110 1598 1166 (eum?)
1622 1116 1770 1165 sponte
1790 1110 1954 1151 ueniret
1976 1110 2162 1166 (uenire)

326 1185 381 1225 ad
410 1184 647 1235 mulctram,
688 1183 771 1241 [id]
805 1184 1114 1240 intellegamus.

440 1260 505 1300 53.
534 1259 736 1314 pluraque
756 1259 786 1312 Γ.
809 1273 859 1298 m.
922 1258 1052 1299 Plura
1084 1272 1209 1312 quam
1241 1271 1369 1312 supra
1400 1256 1501 1297 dixi.
1562 1255 1733 1298 Deinde
1764 1257 1902 1306 refert,
1940 1271 2047 1311 quae
2079 1257 2163 1298 sint

324 1332 429 1373 haec
454 1333 597 1388 plura.

260 1418 299 1448 15
439 1406 504 1446 56.
537 1414 751 1460 utrumque
782 1420 873 1460 reqe
905 1412 1143 1460 temperante
1180 1403 1385 1445 Caelitum.
1454 1403 1515 1445 Ut
1544 1417 1622 1444 nec
1653 1403 1785 1444 nimia
1814 1403 1959 1458 pluuia
1989 1403 2162 1445 humum

327 1479 460 1528 radat,
493 1492 571 1518 nec
602 1493 768 1518 rursum
800 1477 968 1519 siccitas
999 1484 1104 1518 urat.

440 1552 505 1593 58.
536 1566 617 1592 non
648 1551 725 1592 huc
758 1553 891 1606 Arqoo
924 1559 1023 1592 com.
1055 1564 1149 1591 rem.
1175 1551 1314 1606 pinus,
1352 1550 1484 1606 Neque
1513 1551 1708 1605 inpudica
1737 1550 1902 1592 Colchis.
1961 1550 2161 1591 Medeam

326 1624 550 1679 significat,
584 1639 691 1679 quac
722 1623 926 1665 Jasonem
961 1623 1222 1680 [per]secuta
1254 1638 1348 1664 cum
1379 1621 1643 1679 Argonautis
1673 1623 1914 1679 nauigauit:
1952 1639 2029 1679 per
2050 1624 2162 1679 quod

326 1697 550 1752 significat,
582 1697 788 1738 ueneficia
819 1696 878 1737 ibi
913 1696 986 1752 [ab
1018 1696 1097 1753 eis]
1130 1696 1277 1752 ignota
1308 1711 1411 1738 esse.
2039 1684 2042 1686 .

322 1841 427 1870 saliuis
452 1842 618 1871 arboribus
644 1841 795 1871 siluestres
821 1846 1035 1879 opponuntur,
1074 1851 1136 1871 non
1161 1840 1309 1870 insitiuae.
1346 1840 1429 1870 conf.
1457 1841 1540 1870 Plin.
1566 1841 1683 1879 XVIII,
1720 1843 1776 1870 12:
1815 1860 1853 1863 —
1884 1860 1924 1863 -—-
1964 1841 2053 1878 Quae
2087 1846 2160 1872 sunt

322 1897 484 1934 silue-stria,
513 1898 622 1927 eadem
648 1899 681 1927 in
705 1897 811 1926 satietis
837 1898 972 1927 sicciora
999 1897 1243 1935 intelleguntur.

440 1955 471 1992 1)
500 1956 545 1983 ait
570 1965 629 1983 om.
656 1956 684 1983 2.
713 1955 901 1991 miratusque
927 1953 1002 1990 MG,
1028 1958 1063 1983 ut
1087 1953 1202 1982 Medic.
1230 1953 1326 1991 Vei-g.
1357 1955 1415 1987 lm,
1455 1953 1509 1982 ubi
1536 1958 1645 1983 tamen
1672 1955 1766 1984 rubro
1792 1955 1850 1984 col.
1881 1955 1937 1984 VR
1974 1965 2072 1994 supra
2106 1955 2158 1985 AS

323 1996 596 2049 (MIRATVJSQ.)
625 2012 710 2049 quod
735 2012 943 2048 miratastque
968 2010 1068 2039 fuisse
1092 2010 1230 2038 uidetur.
1257 2010 1334 2038 item
1359 2010 1549 2048 miratasque
1575 2011 1613 2039 bc
1639 2011 1738 2040 schol.
1754 2010 1832 2040 Hor.
1852 2021 2024 2047 manuscr.⁷
2052 2010 2159 2041 Seruii

323 2065 429 2096 Guelf.
456 2067 545 2096 Leid.
572 2067 665 2096 Voss.
692 2067 801 2096 Burni.
829 2068 947 2096 mirata
964 2070 1066 2104 estque
1091 2075 1117 2107 γ,
1146 2067 1188 2095 ‘et
1215 2074 1290 2094 sane
1316 2066 1430 2094 mirata
1447 2070 1549 2104 estque
1575 2067 1746 2104 legendum
1773 2071 1832 2104 est,
1870 2072 1905 2096 ut
1944 2072 2008 2097 stet
2034 2069 2158 2097 uersus'

323 2121 412 2152 Seru.
441 2124 550 2161 (Ribb.
578 2129 610 2153 et
634 2123 765 2162 VVagn.)
793 2123 887 2153 Conf.
915 2122 953 2152 G.
972 2123 996 2159 Ι,
1019 2123 1091 2151 103.
1117 2123 1249 2151 miratur
1273 2132 1302 2151 v.
1323 2122 1508 2161 miraturque
1532 2123 1677 2161 R2‚rass1.
1706 2124 1917 2162 miratastque
1935 2124 1972 2159 Q.
2022 2125 2058 2163 3)
2086 2134 2158 2153 nas-

322 2184 436 2210 cantur
452 2180 486 2210 M
504 2180 627 2218 (Halm.
655 2182 735 2219 (11)),
763 2180 867 2209 rvafh.
894 2180 963 2209 rell.
991 2183 1172 2209 nascautur.
1198 2180 1264 2208 arb.
1290 2189 1374 2208 suam
1398 2178 1455 2208 afh
1474 2179 1529 2217 (ex
1546 2180 1638 2218 Hor.)
1659 2181 1691 2209 h.
1709 2181 1730 2210 l.
1749 2185 1837 2210 recte
1863 2191 1923 2210 om.
1949 2180 2156 2218 MR2G‚er.

321 2238 463 2274 pulcram
480 2237 523 2266 M.
541 2238 610 2265 rell.
631 2237 751 2274 pulchr.
788 2237 822 2274 4)
843 2237 960 2274 pullam
978 2235 1131 2269 MRQGJ.
1150 2236 1239 2273 pulla
1257 2235 1376 2270 vath.
1397 2235 1474 2265 Cum
1488 2236 1576 2274 pulla
1593 2237 1636 2266 sit
1653 2247 1683 2266 u.
1702 2237 1792 2274 Hor.‚
1813 2246 1849 2266 ea
1867 2238 2026 2266 seruanda
2044 2247 2079 2266 ac
2098 2247 2157 2267 scr.

320 2294 428 2332 nigra.
449 2294 575 2331 nigram
593 2294 678 2322 libri.
722 2293 756 2330 5)
776 2292 860 2322 Sicut
877 2292 909 2321 M
927 2292 1049 2330 (Halm.
1071 2290 1138 2330 (2⁸2²)
1157 2291 1301 2328 R‚1·vafh.
1322 2293 1368 2321 sic
1385 2297 1411 2321 et
1429 2294 1458 2322 2.
1477 2293 1519 2321 sic
1537 2294 1635 2322 tacite
1653 2293 1766 2322 inculc.
1783 2293 1810 2328 Q
1830 2292 1971 2332 (GPMP).
2014 2294 2048 2332 6)
2076 2294 2158 2323 Nas-

319 2355 434 2379 centum
458 2360 516 2379 om.
544 2351 609 2380 afh.
637 2350 759 2379 dictum
785 2354 826 2378 est
851 2354 881 2378 et
906 2350 942 2378 R.
970 2353 1000 2378 et
1024 2350 1105 2378 leuis
1131 2353 1158 2377 et
1183 2349 1315 2388 lympha
1341 2349 1388 2379 fh.
1416 2350 1486 2378 rell.
1525 2359 1586 2379 om.
1624 2354 1665 2379 et.
1731 2349 1766 2388 8)
1792 2349 1882 2379 simul
1912 2354 1939 2379 et
1969 2360 2030 2380 om.
2064 2351 2156 2380 vaih.

321 2417 461 2437 errorum
487 2417 578 2436 suum
605 2407 779 2444 crepitante
805 2406 832 2441 Q
859 2417 937 2436 corr.
965 2416 993 2444 p.
1020 2406 1165 2435 XXXIV.
1192 2407 1236 2435 sic
1263 2407 1334 2435 hab.
1364 2416 1382 2435 v
1409 2411 1567 2444 crepante.
1593 2406 1689 2435 Fran.
1723 2406 1821 2435 habet
1853 2407 1994 2444 glossas:
2033 2407 2155 2446 limpha.

319 2465 466 2502 respexit
492 2465 532 2493 ad
558 2464 672 2502 pedem
699 2464 857 2501 nimphae.
885 2463 1104 2501 (nimpharum
1129 2462 1228 2505 ·sB<p).
1256 2467 1407 2501 crepante.
1434 2467 1569 2493 sonante
1595 2467 1725 2500 propter
1750 2463 1921 2501 nymphas.
1947 2473 1981 2506 γε
2006 2468 2156 2502 crepante.

318 2525 460 2559 crepante
486 2522 506 2550 i.
534 2525 670 2550 sonante
696 2525 815 2550 meatu.
843 2520 883 2548 ad
910 2520 1049 2558 puellam
1075 2520 1198 2550 retulit.
1227 2524 1376 2558 crepante.
1416 2520 1593 2557 Eleganter
1619 2519 1687 2557 ipso
1711 2529 1817 2548 uersus
1841 2529 2005 2550 usurarum
2046 2520 2157 2559 (uersu

319 2587 485 2607 susurrum
511 2576 552 2615 C)
579 2587 682 2615 aquae
707 2577 854 2606 facientis
882 2577 1028 2605 imitatus
1058 2580 1118 2606 est.
1145 2575 1257 2613 limpha
1283 2576 1351 2605 sine
1377 2576 1499 2614 impetu
1524 2577 1626 2605 ssuens
1653 2580 1684 2604 et
1713 2576 1858 2614 limpida.
1893 2576 1978 2606 conf.
2015 2577 2052 2607 C.
2117 2577 2152 2616 9)

317 2635 466 2672 strepitus
490 2634 524 2663 M
551 2634 672 2672 (Halm.
702 2632 774 2670 (ΣΞ).
803 2633 872 2662 rell.
900 2633 1060 2670 crepitum.
1128 2631 1184 2671 10)
1209 2632 1330 2661 amicus:
1358 2633 1543 2662 commodus
1570 2633 1637 2661 suis
1671 2632 1782 2662 Ambr.
1808 2641 1833 2673 γ.
1872 2650 1913 2653 —-
1951 2632 2158 2672 ainicus.qui

317 2691 426 2720 refert.
453 2691 663 2720 Praedixerat
702 2689 808 2728 (Pred.
836 2688 885 2727 M)
921 2693 954 2717 ut
978 2698 1043 2726 spo.
1070 2690 1181 2718 uenire
1206 2689 1246 2717 ad
1273 2690 1441 2718 mulctram
1478 2687 1655 2726 MRaGtQ)
1695 2689 1824 2717 ueniret.
1854 2689 1889 2718 Id
1912 2690 2152 2729 intellegamus.

318 2746 409 2785 (MG.
437 2747 575 2785 intellig.
603 2747 678 2785 R2).
706 2757 735 2776 r:
763 2747 844 2776 bene
871 2746 1003 2775 amictus
1030 2747 1082 2783 qui
1110 2746 1207 2775 refert
1234 2747 1340 2783 praed.
1369 2756 1435 2784 spo.
1461 2746 1585 2774 ueniret
1609 2746 1649 2774 ad
1676 2746 1814 2775 mulctra
1838 2745 1892 2775 hoc
1918 2746 2152 2785 intelligamus.

316 2804 413 2833 vash:
451 2805 500 2833 he.
528 2813 590 2833 am.
617 2803 729 2839 refert,
756 2813 816 2832 om.
844 2803 908 2841 qni,
934 2806 965 2831 ut
989 2802 1096 2840 praed.
1124 2812 1191 2840 spo.
1218 2803 1341 2832 ueniret
1367 2803 1413 2841 (v,
1441 2803 1552 2831 uenire
1577 2801 1649 2840 afh)
1676 2803 1716 2831 ad
1742 2803 1880 2832 mulctra
1912 2802 1958 2841 (v.
1984 2803 2154 2833 mulctram

317 2861 388 2899 afh)
415 2861 472 2890 huc
497 2860 730 2897 intelligamus.
761 2860 819 2893 Qui
842 2860 862 2890 l.
890 2860 909 2888 l.
937 2860 1099 2897 displicet.
1125 2864 1333 2896 expectamus
1361 2861 1491 2889 uerbum
1525 2859 1655 2897 aliquod
1690 2864 1814 2896 poetae,
1849 2869 1874 2888 e.
1902 2869 1927 2888 c.
1961 2859 2064 2889 ubera.
2098 2860 2152 2890 Sic

315 2918 510 2945 seruauerim
527 2927 554 2945 ιι.
577 2917 651 2945 Hor.
672 2916 812 2951 rnatum-a,
840 2915 974 2945 formam
995 2921 1159 2953 poetarum
1187 2925 1243 2953 pro
1270 2917 1445 2952 mulctramy
1471 2927 1532 2955 quo
1553 2915 1730 2945 Columella
1750 2916 1861 2944 utitur.
1916 2917 1970 2954 11)
2000 2916 2152 2946 Scholion

318 2982 379 3001 non
406 2982 516 3001 sanum
544 2973 683 3001 uidetur.
712 2973 758 3001 Nc
785 2976 942 3009 temptes:
972 2973 1035 3001 lam
1060 2972 1109 3000 uel
1136 2976 1203 3000 ante
1229 2972 1369 3002 dixerat.
1396 2973 1477 3002 conf.
1504 2974 1588 3002 Plin.
1616 2983 1662 3010 ep.
1684 2972 1720 3008 X,
1744 2973 1801 3002 15:
1829 2976 1861 3001 ut
1889 2977 1956 3001 ante
1977 2973 2148 3011 praedixi;

318 3038 372 3066 pro
397 3031 428 3056 ut
451 3038 496 3065 sl).
514 3028 628 3057 ueniret
654 3029 891 3066 proposuerim:
919 3038 983 3057 eam
1001 3039 1047 3066 sp.
1068 3029 1185 3057 uenire.
1239 3028 1294 3067 12)
1318 3028 1350 3057 id
1370 3028 1546 3067 Μ2ζίὶὶὲ4ρ).
1566 3039 1625 3057 om.
1652 3028 1688 3058 R.
1715 3029 1768 3058 hoc
1794 3029 1897 3058 rvash.
1924 3029 1957 3058 td
1980 3029 2072 3058 codd.
2098 3028 2152 3058 hoc

317 3085 388 3113 cdd.
441 3084 496 3122 13)
523 3083 635 3112 rlcinde
661 3085 753 3113 codd.
782 3090 812 3114 ct
839 3095 883 3113 rv.
910 3085 977 3113 inde
1004 3085 1069 3113 afh.
1114 3103 1152 3105 ⁷—
1195 3084 1259 3113 sint
1284 3084 1382 3113 M2G.
1414 3086 1480 3115 rell.
1508 3090 1592 3115 sunt.
1662 3085 1715 3123 15)
1744 3085 1868 3114 lzumum
1896 3095 1956 3114 om.
1984 3084 2022 3119 Q.
2047 3094 2149 3114 umum

316 3142 348 3170 M
386 3139 508 3181 (Halm.
536 3150 624 3169 usum
652 3140 679 3175 Q
706 3142 725 3170 l.
754 3141 804 3179 L).
843 3151 920 3179 quae
947 3143 1058 3179 script.
1087 3143 1118 3171 in
1145 3142 1237 3170 codd.
1263 3141 1339 3170 Hor.
1366 3143 1529 3172 rarissima
1556 3146 1614 3171 est.
1643 3142 1751 3171 notaui
1791 3140 1847 3178 (ad
1880 3141 1983 3179 Epod.
2009 3140 2080 3178 XII,
2110 3142 2148 3170 10

316 3208 356 3226 ex
384 3198 430 3227 A:
458 3196 594 3235 humida]
623 3197 789 3227 umcfacta.
818 3199 848 3227 in
877 3199 952 3227 llor.
978 3199 1097 3235 umida⁷
1135 3202 1170 3227 ut
1197 3199 1229 3227 in
1254 3197 1362 3227 Ambr.
1388 3199 1499 3236 Neque
1524 3208 1608 3227 umus
1646 3207 1749 3235 neque
1785 3206 1870 3226 umor
1906 3206 2008 3235 neque
2043 3206 2150 3226 umare

315 3255 447 3286 offendi.
476 3263 577 3291 neque
604 3254 700 3282 etiam
728 3255 758 3282 in
786 3258 849 3283 uet.
878 3255 968 3283 libris
995 3255 1132 3291 Vergilii
1161 3253 1297 3295 (Ribb.).
1352 3256 1406 3293 17)
1432 3254 1582 3292 inpudica
1599 3254 1691 3297 γὺΒφ
1716 3254 1810 3284 Fran.
1839 3252 1874 3283 G.
1894 3253 1988 3291 impu.
2015 3253 2049 3282 M
2066 3257 2101 3283 ut
2118 3253 2147 3282 K
