2283 3535
233 1009 270 1040 10

230 1376 269 1407 15

297 207 377 246 346
933 217 1038 249 Aen.
1064 217 1124 248 ET
1149 216 1316 249 PORPH.
1343 215 1491 248 eoMM.

411 342 448 381 9.
481 341 545 381 10.
576 354 656 382 non
686 342 709 381 τ’.
741 355 774 396 q.
806 356 836 382 s.
868 355 919 382 m.
951 357 982 382 s.
1014 350 1037 382 t.
1068 342 1242 395 neglleqel
1271 341 1309 381 Ιι.
1371 339 1491 381 Ordo
1522 347 1604 381 est:
1641 339 1737 381 Non
1767 340 1838 381 ille
1867 348 1907 382 te
1928 340 2126 396 negleget

297 428 374 455 nec
405 421 466 455 est
496 413 539 454 in
569 413 649 455 hoe
679 414 925 464 horrendus,
960 429 1215 468 quamquam
1247 413 1539 468 philosophiae
1571 413 1779 455 studiosus
1810 413 1873 455 sit.

410 488 474 527 13.
508 495 550 528 tu
582 488 607 528 l.
640 495 665 528 t.
696 489 721 528 i.
753 488 953 529 admones.
1028 486 1241 538 Quoniam
1288 493 1327 527 et
1372 485 1593 527 blanditur.
1629 486 1809 528 ebrietas
1841 495 1880 528 et
1911 493 2124 541 extorquet

296 560 543 615 plerumque
575 560 705 602 animi
734 561 998 616 grauitatem.

411 636 475 676 18.
508 636 650 690 τιίνεςᾳ.
682 643 716 675 e!
753 634 872 675 addis
913 649 1067 675 cornua
1100 647 1224 688 paup.
1297 632 1414 673 Bene
1453 642 1491 674 et
1528 633 1619 683 hoc,
1666 634 1765 688 quia
1801 633 2012 674 interdum
2051 648 2127 688 per

296 707 541 749 ebrietatem
571 707 762 749 homines
792 706 1039 747 humilitatis
1069 720 1168 747 suae
1199 705 1317 747 obliti
1348 705 1391 746 in
1422 706 1624 747 maiorem
1656 707 1719 747 sui
1749 707 1947 748 fiduciam
1979 721 2124 748 exsur-

295 788 412 837 gunt,
457 795 534 836 per
579 796 718 835 quam,
764 779 1008 820 melioribus
1052 794 1135 820 non
1182 779 1389 829 cedentes,
1436 780 1722 821 accenduntur
1752 780 1806 821 ad
1837 780 2125 822 temeritatem.

294 853 380 895 Per
411 869 565 896 cornua
596 868 699 909 ergo
729 853 974 894 uiolentiam
1006 852 1168 894 cerebri
1199 852 1389 908 intellegi
1419 853 1520 894 uult.

409 929 475 969 20.
509 942 647 982 requm
679 929 820 983 apices.
880 926 965 967 Per
996 926 1137 981 apices
1168 926 1467 968 sublimitatem
1498 927 1668 969 honoris
1700 934 1738 968 et
1759 927 1970 982 potentiae
1992 927 2126 983 signi-

295 1000 426 1050 ficari,
459 1000 543 1041 iam
577 1000 655 1057 [et]
689 1016 817 1055 supra
847 1000 1116 1042 ostendimus.

410 1075 474 1114 21.
507 1083 541 1115 te
574 1075 616 1115 L.
650 1090 678 1116 e.
711 1090 741 1115 ς.
774 1075 799 1116 l.
832 1090 868 1114 α.
909 1075 946 1114 V
1009 1072 1246 1129 Significat,
1283 1087 1327 1114 se
1358 1087 1409 1113 ex
1439 1073 1518 1114 hac
1549 1073 1753 1128 amphora
1773 1074 1960 1129 potando
1981 1074 2125 1115 hilari-

294 1154 422 1188 tatem
453 1154 493 1188 et
523 1147 704 1203 gratiam
735 1147 921 1188 conuiuii
951 1161 1082 1201 usque
1113 1146 1156 1186 in
1188 1146 1416 1187 crastinum
1448 1161 1570 1187 mane
1602 1147 1915 1201 producturum.

409 1222 474 1261 22.
507 1222 850 1276 seqnesq.n.s.(1'.
895 1220 994 1262 Hoe
1027 1227 1100 1269 est,
1134 1235 1240 1275 quae
1275 1219 1432 1261 nodum
1462 1235 1546 1261 non
1578 1220 1763 1270 soluunt3
1795 1221 1874 1263 hoe
1905 1228 2043 1263 autem
2074 1222 2128 1262 ad

294 1294 339 1335 id
369 1294 564 1350 pertinet,
596 1294 708 1349 quod
740 1295 811 1349 qui
841 1294 925 1335 fida
956 1294 1093 1349 gratia
1123 1294 1232 1335 inter
1253 1293 1446 1336 seiuncti
1470 1301 1577 1344 sunt,
1609 1309 1838 1349 numquam
1868 1294 1921 1336 ab
1943 1295 2128 1336 amicitia

296 1367 574 1410 resoluuntur.

410 1443 474 1483 23.
507 1444 663 1498 m'uaeq.
688 1443 808 1497 prod.
843 1442 1043 1484 lucernae.
1112 1443 1231 1484 Vinus
1264 1443 1449 1483 lucernas
1481 1456 1558 1497 pro
1590 1442 1834 1485 ardentibus
1866 1443 1984 1485 dixit.

920 1597 1236 1651 CARMEN
1271 1599 1364 1665 111,
1409 1600 1488 1651 22.

1117 1713 1307 1758 ACRON.

408 1811 606 1853 Montium
638 1818 783 1852 custos.
857 1809 1026 1851 Dianae
1063 1810 1210 1865 pinum
1247 1810 1290 1851 in
1330 1825 1434 1866 agro
1480 1825 1553 1852 suo
1585 1817 1814 1861 consecrat.⁷
1859 1811 1972 1866 apud
2002 1826 2128 1866 quam

294 1883 519 1938 quotannis
550 1897 593 1924 se
624 1898 789 1924 uerrem
821 1884 1152 1925 sacrificaturum
1184 1883 1401 1939 promittit.

407 1958 445 1998 3.
477 1966 614 1999 uocata
646 1958 774 1999 cludis.
835 1956 968 1998 Trina
998 1957 1167 1998 Dianae
1198 1957 1426 2013 putabatur
1456 1964 1663 2013 potestas3
1697 1958 1790 2013 ipsa
1820 1959 1933 1999 enim
1968 1973 2127 2000 uenan-

293 2030 404 2072 tibus
435 2045 631 2086 praeesse
662 2031 899 2081 dicebatur3
946 2031 1039 2085 ipsa
1068 2030 1244 2072 lucifera
1273 2031 1318 2072 in
1347 2031 1550 2072 honorem
1580 2030 1785 2082 Lucinae,
1826 2032 1936 2073 unde
1967 2039 2008 2073 et
2036 2032 2127 2074 Lu—

251 2112 264 2139 s'
295 2104 390 2146 cina
420 2119 444 2146 a
475 2104 805 2160 parturientibus
826 2104 1034 2155 inuocota,
1067 2105 1159 2160 ipsa
1182 2104 1261 2160 (et)
1283 2104 1553 2160 Proserpina.
1613 2104 1715 2146 Ideo
1746 2119 1848 2161 ergo
1879 2113 1942 2147 ter
1972 2114 2126 2148 uocata.

410 2319 443 2357 1)
469 2319 607 2358 negleyet
620 2318 664 2348 M.
691 2318 761 2348 rell.
788 2318 931 2357 negliget.
982 2319 1015 2356 2)
1043 2318 1218 2348 horrendus
1243 2317 1342 2347 MRR.
1369 2319 1437 2347 rell.
1464 2317 1622 2347 horridus.
1671 2319 1708 2357 3)
1733 2317 1884 2348 admones
1903 2318 1946 2349 M.
1990 2319 2024 2358 6)
2052 2328 2127 2349 suae

293 2374 379 2403 hum.
405 2374 440 2403 R.
491 2393 531 2395 Ἦ
580 2376 724 2404 fidutiam
750 2384 840 2404 exsu.
866 2374 909 2403 M.
976 2374 1008 2413 7)
1036 2374 1162 2404 ducitur
1187 2375 1227 2402 ad
1252 2378 1328 2403 tem.
1354 2373 1391 2403 A.
1418 2375 1602 2404 temeritate
1627 2375 1730 2403 rvafh.
1794 2376 1828 2414 8)
1856 2385 1930 2414 ergo
1955 2374 2029 2405 MG.
2057 2376 2125 2405 rell.

293 2435 400 2460 autem
427 2431 631 2461 uiolaentiam
657 2442 718 2461 cer.
746 2431 788 2460 M.
820 2432 878 2460 Per
904 2441 950 2460 co,
984 2435 1093 2460 autem
1118 2431 1303 2460 violationem
1331 2436 1361 2460 et
1386 2441 1442 2469 per
1467 2431 1547 2460 hane
1573 2432 1648 2460 uiol.
1676 2441 1737 2461 cer.
1764 2431 1810 2461 fh.
1837 2431 1876 2461 ef.
1904 2433 1978 2461 Aer.
1998 2433 2052 2470 qni
2070 2432 2127 2461 ha-

293 2488 363 2516 bet:
394 2488 573 2526 quamfleri
593 2498 650 2526 per
676 2489 750 2517 uiol.
778 2498 838 2517 cer.
867 2488 936 2517 uult
964 2488 1121 2525 intellegi.
1148 2488 1242 2516 Alter
1267 2488 1355 2517 loeus
1382 2497 1423 2516 ex
1449 2488 1551 2517 altero
1578 2489 1798 2517 emendandus
1826 2492 1883 2518 est.
1948 2488 1983 2527 9)
2011 2489 2127 2526 apicem.

293 2543 396 2573 rvafh.
423 2546 601 2583 significari
629 2546 691 2574 iam
719 2548 749 2574 et.
766 2544 861 2573 Mlffl.
882 2542 958 2583 (om.
980 2544 1036 2582 et).
1054 2544 1123 2573 rell.
1152 2544 1367 2582 significatus.
1394 2543 1431 2572 In
1459 2554 1541 2573 omn.
1569 2545 1662 2573 libris
1680 2546 1739 2574 hoc
1758 2546 1902 2575 scholion
1920 2546 2127 2583 postponitur

293 2601 500 2639 subsequenti
527 2605 624 2639 atque
651 2605 807 2638 extremo,
846 2602 893 2629 ita
916 2605 952 2630 ut
978 2601 1189 2638 penultimum
1216 2599 1271 2637 (ad
1298 2610 1326 2629 u.
1354 2600 1411 2639 22)
1437 2601 1586 2630 ultimum
1613 2602 1666 2630 sit.

404 2657 564 2687 ACRON.
614 2657 664 2686 Ad
691 2658 819 2687 dianam
846 2657 1015 2686 luciferam
1041 2656 1067 2685 A
1093 2656 1216 2696 (Heln),
1242 2660 1278 2686 ut
1304 2656 1344 2685 K.
1393 2656 1443 2685 Ad
1471 2657 1577 2687 dinam
1604 2658 1663 2686 luc.
1691 2658 1719 2687 b.
1758 2658 1906 2697 Hymnus
1933 2658 1967 2687 in
1993 2658 2036 2687 di.
2063 2658 2124 2687 luc.

292 2722 318 2755 γ.
344 2713 415 2743 XII.
443 2714 592 2753 Hymnus
617 2714 659 2744 acl
683 2715 727 2743 di.
766 2715 826 2743 luc.
854 2714 891 2743 E.
918 2714 1058 2752 hymnus
1097 2712 1233 2750 (hinnus
1271 2713 1298 2741 D
1336 2722 1422 2743 more
1460 2713 1532 2753 suo)
1571 2715 1603 2743 in
1630 2714 1759 2743 dianam
1785 2714 1880 2757 13<4>D.
1928 2714 2048 2744 Ymnus
2085 2714 2125 2744 ad

293 2771 432 2800 dianam.
460 2771 554 2800 Fran.
582 2780 605 2799 r.

408 2828 464 2865 21)
492 2828 617 2857 Dianae
643 2829 709 2866 pin.
736 2827 863 2869 A-(Rzff
889 2828 1005 2866 Porph.
1034 2828 1102 2856 rell.
1129 2827 1245 2856 Pinum
1271 2824 1422 2867 (primum
1448 2826 1483 2865 v)
1511 2827 1647 2856 Dianae.
1697 2827 1754 2867 22)
1781 2832 1911 2866 quotan.
1939 2837 1971 2856 sc
2002 2835 2125 2857 verrem

294 2882 350 2923 A—s.
378 2888 509 2920 quotam.
538 2894 570 2913 se
597 2893 665 2913 uere
690 2889 823 2922 quotan.
852 2894 972 2913 merrom
999 2894 1080 2913 sacr.
1107 2893 1139 2913 se
1165 2893 1263 2921 prom.
1290 2883 1325 2911 lt.
1352 2887 1482 2921 quotan.
1512 2892 1647 2921 nel-rem,
1686 2894 1745 2913 om.
1773 2894 1816 2921 se,
1845 2885 1872 2913 2.
1899 2884 1969 2913 rell.
2003 2893 2124 2914 uerrem

294 2943 423 2976 quotan.
450 2950 482 2968 se
509 2950 587 2969 saer.
639 2941 696 2978 23)
724 2940 799 2969 Tria
825 2940 872 2969 fh.
922 2940 1058 2978 Propter
1083 2939 1142 2969 tria
1168 2939 1299 2972 numina.
1328 2949 1399 2969 nam
1427 2941 1511 2969 trina
1538 2941 1604 2969 eius
1630 2944 1676 2969 est
1704 2944 1865 2978 potestas:
1894 2941 1963 2978 ipsa
1989 2950 2125 2979 namque

294 3005 364 3024 nen.
393 3006 438 3032 pr.
464 2995 582 3025 dicitur.
634 2996 705 3034 [psa
743 3007 867 3035 quoque
905 2996 1064 3033 Lucifera,
1102 2997 1185 3034 quod
1224 2996 1372 3034 partulus·
1406 2996 1506 3025 lucem
1533 2997 1624 3033 serat,
1653 2997 1735 3025 unde
1762 2996 1884 3025 Lucina
1910 3006 1927 3025 a
1953 3002 2035 3033 part.
2064 3001 2122 3026 eto,

293 3051 376 3081 Hinc
403 3052 634 3081 Brnunhardus
661 3055 848 3091 temptauit:
888 3054 966 3083 Tres
994 3054 1119 3082 Dianae
1145 3056 1320 3091 potestates
1347 3053 1550 3090 putabuntur.
1600 3053 1698 3082 Trina
1724 3063 1807 3082 omn.
1834 3053 1916 3082 libri.
1949 3058 2043 3082 reete.
2082 3072 2123 3074 ff—

294 3112 417 3145 putatur
447 3109 558 3143 1,mva.
587 3110 693 3146 putab.
720 3114 785 3147 pot.
812 3111 867 3151 Λγ,
895 3111 961 3139 rell.
989 3114 1053 3148 pot.
1080 3114 1147 3147 put.
1198 3109 1254 3147 25)
1281 3109 1351 3146 ipsa
1378 3113 1405 3137 et
1436 3111 1462 3138 12.
1501 3109 1576 3137 Ideo
1602 3118 1671 3147 erqo
1702 3109 1769 3150 Αγὶ)
1796 3109 1875 3137 1:12.
1902 3109 2030 3148 ideoque
2055 3120 2124 3149 erqo

294 3174 355 3193 mv.
382 3164 529 3202 ideoque,
567 3174 627 3193 om.
665 3174 751 3202 ergo.
789 3168 871 3195 cath.
899 3168 970 3196 ideo
997 3172 1045 3196 ter
1070 3176 1092 3195 r.
1120 3166 1186 3205 ipsa
1227 3184 1250 3185 ff
1280 3169 1384 3195 uocata
1411 3165 1437 3200 Q
1463 3170 1533 3202 post
1561 3165 1667 3194 iuuisse
1693 3165 1872 3195 collocauit.
1907 3183 1941 3187 --
1978 3166 2124 3197 inuocata

293 3220 424 3261 A·sb*2.r.
454 3220 522 3250 rell.
550 3220 723 3249 iuuet-atur.
