2283 3535
1065 135 1073 151 b

782 222 829 252 IN
843 221 986 254 CARM.
1012 222 1073 252 111.
1095 226 1144 252 16.
1833 214 1912 253 327

203 347 267 386 21.
300 353 447 400 quanto
479 358 542 399 qu.
574 345 652 386 sibi
672 345 730 399 pl.
762 346 976 398 neqauere'l.
1037 342 1087 384 Id
1119 350 1192 393 est,
1225 343 1394 384 diuitias
1425 346 1644 399 spreuerit.
1708 344 1916 387 Contento

90 418 375 459 mediocritate
424 432 585 466 census,
647 430 723 457 nec
768 416 940 456 habenti
986 416 1190 457 ambitum
1236 417 1426 457 fortunae
1472 418 1656 468 maioris,
1703 426 1916 473 tamquam

90 491 280 533 Deorum
310 492 453 532 fauore
485 490 585 531 dicit
618 489 765 531 abesse
797 489 982 544 (deesse)
1014 489 1072 529 nil
1104 504 1239 544 posse.

203 566 267 605 23.
299 564 456 606 Nudus.
494 564 750 619 Conspicuus.
787 563 1019 617 'l'ranssussa
1052 563 1164 603 (lz‘ue'l.
1201 566 1267 603 Pa.
1301 563 1395 618 lz'nq.
1425 565 1557 617 μετὰ).
1619 562 1731 615 Quia
1754 564 1916 604 dixerat

90 645 238 685 castra,
270 637 453 679 seruauit
483 636 786 691 metaphoram,
819 636 1098 691 significando
1134 636 1408 691 transfugam.
1469 636 1586 678 Dicit
1609 647 1822 691 tamquam
1847 637 1917 690 qui

90 726 113 752 a
144 710 386 751 diuitiarum
416 709 531 751 uitiis
562 709 773 764 significat
803 724 845 750 sc
878 709 1056 750 transire
1087 709 1196 750 uelle
1227 709 1281 750 ad
1311 709 1478 751 uirtutis
1509 709 1708 765 insignia.

203 786 268 827 25.
301 792 556 839 contemptae.
615 782 665 822 Id
697 790 770 828 est,
803 782 1058 837 compositae
1090 789 1127 823 et
1159 782 1395 824 mediocris.

204 858 268 898 26.
301 859 474 913 e'mpe'qer.
548 855 823 905 Laboriosus‚
855 863 897 896 ut
935 857 1083 897 Lucan.
1117 858 1133 902 (
1445 866 1483 911 ¹):
1526 866 1560 899 et
1606 865 1746 898 eontra
1787 856 1920 910 posw'l

91 940 126 973 et
156 946 256 987 quae
282 932 399 986 pe'yer
431 931 590 986 Apulus
622 945 726 971 arua
762 931 947 971 Deseruit
977 931 1132 971 rastris.

203 1006 268 1045 28.
301 1019 469 1058 massylas
489 1005 595 1045 mter
615 1019 705 1060 opes
728 1005 850 1059 inops.
911 1002 1092 1058 Propter
1113 1002 1393 1043 insatiabilem
1416 1003 1702 1058 cupiditatem.
1743 1002 1919 1057 Inopem

91 1078 202 1119 enim
233 1093 275 1119 se
293 1076 471 1118 ostendit
503 1077 563 1117 rei
587 1077 849 1118 desideratae
870 1092 1036 1125 auarus,
1073 1082 1287 1130 tamquam
1308 1090 1392 1117 non
1413 1075 1577 1126 habeat,
1612 1077 1723 1131 quod
1744 1076 1920 1131 quaerit,

89 1159 132 1192 ut
163 1152 259 1193 chu.
292 1150 441 1202 (XIV,
476 1151 595 1204 137):
629 1152 771 1205 eqenle's
802 1152 943 1192 uiuere
972 1152 1070 1204 sato.

203 1226 268 1265 29.
294 1239 428 1280 purae
461 1225 575 1265 riuus
607 1239 643 1264 (ι.
703 1223 820 1265 Laus
851 1222 1155 1264 mediocritatis
1186 1221 1262 1264 sub
1294 1222 1423 1277 agelli
1455 1223 1751 1277 descriptione.

203 1299 268 1340 30.
302 1307 337 1339 el
367 1315 397 1339 s.
427 1300 455 1352 Γ.
488 1313 536 1338 m.
596 1297 781 1338 Ubertas
812 1296 960 1337 fertilis
992 1295 1140 1351 glebae
1171 1311 1254 1338 non
1287 1296 1503 1351 decipiens
1526 1310 1643 1351 spem
1666 1295 1825 1338 domini
1856 1296 1923 1337 uel

89 1370 278 1413 laborem
308 1386 412 1427 agro
445 1386 518 1412 suo
549 1370 807 1425 praestitum.

203 1446 268 1486 32.
315 1445 478 1486 beatior.
552 1443 690 1484 Multa
720 1442 895 1485 Africae
940 1443 1197 1498 patrimonia
1241 1443 1495 1499 possidente.
1572 1442 1693 1485 Ordo
1739 1450 1822 1484 est:
1868 1441 1923 1483 Et

91 1526 204 1560 certa
233 1518 337 1559 fides
367 1532 485 1558 meae
517 1516 672 1573 segetis
708 1516 870 1558 beatior
900 1516 1078 1572 imperio
1124 1516 1274 1558 fertilis
1320 1516 1496 1558 Africae
1541 1516 1649 1558 fallit
1692 1516 1925 1572 fulgentem

90 1600 212 1642 sorte,
244 1591 287 1632 id
319 1597 392 1641 est,
439 1590 557 1632 illum
589 1590 659 1645 qui
701 1605 776 1645 per
814 1597 967 1632 sortem
1002 1589 1149 1645 fulget.
1185 1589 1263 1646 [et]
1304 1592 1383 1631 Per
1414 1599 1569 1632 sortem.
1630 1605 1714 1632 non
1752 1597 1923 1639 natura3

91 1681 189 1707 nam
220 1664 410 1706 naturale
441 1671 516 1714 est,
547 1671 592 1704 ut
623 1663 800 1718 quisque
831 1663 978 1718 paucis
1011 1670 1229 1705 contentus
1260 1663 1324 1705 sit.

202 1740 267 1780 33.
300 1752 536 1794 quamquam
567 1752 637 1778 nec
669 1737 867 1778 Calabrae
896 1737 1014 1778 mella
1045 1738 1073 1791 Γ.
1104 1753 1138 1778 α.
1199 1736 1249 1777 In
1287 1735 1491 1778 Calabria
1525 1736 1637 1778 enim
1674 1743 1769 1778 sunt
1802 1737 1925 1778 flores

91 1811 298 1868 aptissimi
329 1810 492 1866 apibus.
551 1810 636 1851 Per
667 1811 782 1852 mella
812 1817 949 1851 autem
982 1810 1073 1861 (ηερ
1106 1811 1305 1852 Calabrae
1335 1811 1454 1851 mella
1484 1811 1624 1865 ferunt
1654 1815 1767 1867 apes)
1800 1817 1927 1866 negat.

91 1901 133 1928 se
152 1886 213 1928 uti
235 1884 500 1941 possessione
523 1882 762 1926 Calabriae.

204 1975 275 2001 nee
310 1960 513 2015 Laestryq.
551 1959 597 1998 B.
628 1959 669 1998 z'n
701 1958 831 2014 ampli.
892 1956 1122 1999 Formiana
1150 1971 1222 1998 seu
1255 1955 1412 2007 Sicula,
1445 1956 1488 1997 in
1519 1956 1671 2012 quibus
1701 1957 1805 1999 locis
1837 1956 1925 2012 Cy-

92 2033 233 2088 clopes
262 2033 442 2081 fuerunt,
481 2030 553 2086 qui
583 2030 900 2087 Laestrygones
931 2030 1203 2072 uocabantur.

204 2107 268 2148 35.
303 2106 535 2160 lcmyuescz't.
596 2104 647 2145 Id
679 2110 752 2154 est,
784 2103 1020 2146 ueterascit.

205 2263 240 2301 3)
277 2261 413 2291 fauorem
438 2260 496 2289 R2.
523 2259 566 2290 nil
588 2259 799 2302 A-(Rzrmva.
825 2260 906 2289 nihil
933 2259 1036 2295 thQ.
1075 2260 1121 2288 nil
1158 2268 1250 2297 posse
1285 2259 1417 2288 habesse
1456 2259 1613 2299 (abesse).
1650 2261 1696 2289 nil
1733 2269 1781 2298 po,
1819 2260 1927 2290 deesse

95 2320 123 2348 2.
160 2318 187 2347 εἰ
220 2318 301 2348 nihil
338 2327 388 2355 po.
426 2317 531 2346 deesse
567 2316 601 2346 C.
640 2317 753 2346 adesse
790 2316 829 2346 A.
890 2317 924 2355 5)
951 2317 994 2355 gl.
1034 2326 1075 2345 ex
1108 2316 1156 2358 Αγ
1187 2320 1218 2345 et
1248 2315 1284 2350 C,
1322 2317 1375 2354 qui
1412 2316 1519 2346 addit:
1553 2326 1571 2345 a
1609 2317 1735 2346 diuitiis
1773 2321 1804 2346 et
1842 2318 1928 2354 cupi-

93 2376 197 2404 ditate
230 2375 296 2404 rell.
330 2384 390 2404 om.
455 2374 489 2412 5)
529 2373 637 2403 metas.
674 2375 722 2416 «(1).
762 2374 984 2411 significando.
1023 2372 1150 2402 Transf.
1189 2372 1234 2402 fh.
1274 2371 1403 2410 (transf.
1441 2372 1485 2409 a).
1524 2371 1637 2409 signif.
1672 2382 1701 2401 se
1737 2374 1848 2402 transf.
1888 2373 1926 2408 Q.

92 2432 162 2461 rell.
188 2432 270 2468 sign.
301 2430 414 2460 transf.
463 2431 597 2468 Propter
623 2431 825 2460 iterationem
862 2430 951 2459 uerbi
990 2430 1050 2468 leg.
1078 2439 1120 2459 se.
1159 2428 1352 2468 transfugam,
1389 2432 1442 2457 aut
1480 2438 1540 2457 om.
1571 2428 1768 2468 siynffiecmdo
1805 2430 1926 2458 scribe:

93 2488 321 2525 metaphoram.
375 2485 575 2526 Traia-&swam
613 2488 702 2521 dicit,
740 2491 903 2525 tamquam
939 2486 1013 2524 quia
1049 2496 1068 2515 a
1105 2485 1223 2515 diuitiis
1259 2490 1285 2515 et
1324 2485 1392 2514 aliis
1428 2484 1508 2514 uitiis
1544 2485 1574 2514 2.
1614 2484 1689 2514 dicit
1724 2484 1791 2519 CQ.
1829 2489 1928 2514 trans-

82 2543 177 2583 fuya.
203 2543 363 2581 fugitiuus
388 2543 576 2573 diuitiarum
603 2544 647 2581 gl.
674 2553 700 2584 γ.
727 2544 876 2572 desertor.
902 2543 1060 2580 fugitiuus
1086 2535 1129 2580 gl.
1157 2541 1194 2574 C.
1221 2543 1295 2580 quia
1310 2541 1391 2571 dixit
1415 2546 1531 2578 castra,
1557 2551 1634 2571 nunc
1660 2551 1693 2571 se
1719 2542 1798 2571 dicit
1824 2546 1928 2570 trans-

94 2600 214 2637 fugam,
240 2609 360 2629 manens
385 2600 418 2628 in
443 2600 640 2637 metaphora,
667 2599 746 2638 qaod
769 2610 785 2628 a
812 2600 1002 2629 diuitiorum
1027 2599 1119 2628 uitiis
1145 2603 1173 2628 et
1194 2598 1275 2628 curis
1302 2599 1386 2637 sign.
1415 2608 1448 2628 se
1466 2599 1667 2637 -insignia
1692 2601 1718 2626 et
1741 2597 1822 2627 uitae
1845 2598 1929 2636 qnie-

93 2661 148 2685 tem
173 2656 207 2685 C.
260 2657 315 2696 18)
341 2657 395 2694 qui
422 2666 472 2686 om
498 2655 536 2691 Q.
563 2665 598 2684 ex
624 2656 717 2686 diuit.
745 2666 769 2684 r.
797 2656 891 2685 diuit.
919 2665 936 2684 a
961 2656 1057 2685 uitiis
1083 2656 1119 2685 R.
1170 2655 1227 2694 20)
1256 2656 1385 2694 insigne
1410 2655 1470 2685 R2.
1521 2655 1579 2693 21)
1607 2658 1776 2692 contempte.
1814 2663 1928 2691 parcae

94 2723 120 2742 c.
146 2717 178 2742 et.
203 2713 286 2742 med.
311 2722 338 2754 γ.
371 2716 562 2750 contemptae
587 2712 657 2741 Par.
684 2712 740 2741 ΕΒ
767 2712 860 2741 Fran.
887 2716 1077 2750 contemptae
1096 2712 1136 2741 D.
1166 2712 1230 2742 seh.
1259 2721 1319 2742 om.
1339 2710 1451 2747 b1G‚r.
1501 2709 1537 2749 8)
1562 2715 1595 2740 ut
1615 2709 1733 2739 Lucan.
1753 2727 1793 2731 —
1812 2711 1928 2739 rastris

95 2778 137 2798 ex
160 2768 238 2811 Αγὶ),
266 2768 303 2798 C.
331 2770 403 2799 rell.
432 2779 492 2798 om.
521 2774 551 2799 et
578 2779 622 2798 eo.
650 2778 698 2807 po.
724 2772 750 2798 et
773 2778 860 2807 quae.
887 2772 983 2807 atque
1007 2768 1142 2807 impiger
1173 2767 1209 2800 C,
1244 2772 1329 2807 atque
1348 2768 1439 2807 pz'yer
1463 2769 1511 2809 γὶ).
1538 2767 1666 2805 apulsus
1692 2768 1722 2796 b.
1754 2767 1873 2796 aratris
1898 2767 1927 2796 b.

98 2826 153 2864 12)
191 2825 309 2864 egentis
334 2825 412 2867 A-(b.
439 2826 495 2856 loc.
520 2825 594 2855 Jun.
623 2835 681 2855 om.
708 2825 795 2862 R17r.
822 2826 890 2854 rell.
918 2825 1032 2863 egenti.
1083 2825 1139 2862 18)
1168 2829 1197 2854 et
1224 2835 1285 2854 om.
1312 2824 1417 2866 ‘sR1.r.
1464 2824 1525 2853 Per
1549 2828 1657 2853 sortem
1681 2824 1797 2853 lemma
1829 2825 1928 2854 inter-

96 2881 196 2918 posui.
223 2882 378 2918 naturale,
404 2886 439 2911 ut
464 2881 549 2911 Plin.
575 2881 630 2918 XI,
657 2882 709 2910 37.
735 2881 835 2918 XVII,
864 2883 893 2912 2.
962 2880 1016 2920 19)
1043 2882 1178 2920 quisque
1202 2883 1253 2922 γ1,
1280 2880 1419 2919 quisquis
1444 2880 1506 2917 R‚r.
1542 2881 1611 2909 rell.
1643 2881 1726 2918 quis.
1760 2881 1868 2918 parcis
1902 2890 1928 2921 γ.

96 2938 255 2976 parcisque
281 2938 318 2967 G.
345 2938 384 2967 cf.
415 2937 497 2968 infra
526 2948 555 2967 v.
582 2939 640 2967 44:
667 2947 762 2975 parea
787 2939 871 2976 quod
898 2939 975 2967 satis
1002 2942 1049 2967 est
1076 2948 1180 2967 manu.
1218 2938 1335 2974 paucis,
1362 2947 1422 2966 om.
1451 2937 1623 2975 paruisque
1647 2936 1733 2973 R1‚r.
1760 2938 1829 2967 rell.
1857 2939 1928 2975 quis

97 2994 204 3029 paucis
231 2995 411 3032 paruisque.
527 2998 711 3032 contemptus
728 3003 754 3036 γ.
805 2994 861 3031 20)
890 2994 925 3023 In
972 3013 975 3014 ν
1043 2995 1155 3032 apibus
1175 3003 1234 3022 om.
1253 2993 1292 3022 A.
1320 3011 1361 3013 —-
1388 2995 1473 3023 enim
1499 3004 1559 3023 em.
1590 2994 1617 3022 2.
1645 2998 1751 3023 autem
1777 2993 1831 3034 γΗ,
1855 3003 1928 3032 φά-

97 3048 217 3077 tissimi
243 3049 279 3079 C.
341 3050 398 3089 21)
431 3060 464 3080 se
489 3056 586 3088 negat
611 3051 650 3079 A.
678 3060 710 3079 se
737 3050 783 3079 uti
811 3060 870 3079 om.
901 3052 1029 3086 l,rlnva.
1081 3050 1235 3079 Ostendit
1262 3059 1295 3079 se
1321 3059 1416 3087 agros
1442 3060 1502 3080 non
1528 3051 1643 3080 habere
1668 3051 1699 3079 in
1727 3049 1876 3079 Calabria
1894 3049 1927 3078 C.

98 3106 325 3141 possessionem
365 3109 493 3143 l‚rmva.
554 3107 632 3136 Post.
669 3106 756 3135 mella
793 3107 941 3135 addenda
978 3107 1131 3135 uidentur
1170 3106 1293 3135 inclusa
1331 3107 1440 3136 verba.
1508 3107 1564 3145 23)
1604 3107 1696 3145 anph.
1734 3107 1772 3135 A.
1793 3107 1860 3135 siue
1897 3106 1926 3134 b.

96 3170 152 3189 seu
178 3161 278 3190 sicula
305 3172 363 3191 om.
392 3163 420 3191 2.
448 3179 487 3183 —
513 3163 706 3192 formianaue
732 3162 770 3191 A.
821 3163 877 3201 24)
904 3162 990 3192 lestr.
1010 3164 1040 3199 b,
1078 3166 1111 3191 ut
1127 3162 1218 3191 Bern.
1248 3161 1304 3192 AC
1331 3163 1424 3192 Fran.
1451 3162 1606 3202 lestryng.
1635 3173 1658 3192 r.
1712 3162 1769 3200 25)
1798 3162 1829 3200 gl
1867 3171 1926 3191 om.

98 3216 216 3253 R1G‚1·.
242 3218 411 3248 uetereseit
438 3218 494 3260 Αγ.
522 3219 694 3255 euanescit,
722 3219 906 3254 ueteraseit,
934 3219 1053 3248 acescit.
1079 3217 1113 3248 C.

1953 1012 1988 1042 11»

1954 1382 1989 1412 15

1952 1748 1992 1779 20
