2283 3535
806 187 852 217 m
879 186 1011 218 131’01).
1038 187 1152 218 xvii.
1808 178 1888 218 523

180 308 245 348 30.
279 322 300 349 ο
331 322 453 356 mare,
485 323 506 348 ο
538 308 673 349 terra!
730 305 819 348 Sub
857 307 1148 363 indignatione
1193 307 1411 357 exclamat,
1457 316 1499 350 ut
1551 312 1637 351 Ter.
1684 308 1889 365 (Adelph.

67 378 121 429 V,
153 380 192 428 3,
224 381 262 419 4.
314 381 420 420 conf.
452 379 589 420 Plaut.
621 379 812 420 Trinmn.
844 380 922 429 IV,
955 382 992 429 3,
1037 381 1130 433 63):
1183 380 1218 421 O
1256 395 1383 433 mare,
1430 397 1451 422 ο
1493 383 1660 432 caelum,
1707 398 1728 424 ο
1769 391 1888 432 terra,

67 467 88 493 o
109 454 239 493 maria
273 452 467 508 Neptuni!

180 525 245 566 30.
277 526 342 566 31.
375 526 509 572 ardeo,
546 527 754 575 Quantmn
784 540 908 580 neque
945 534 1033 566 atro
1075 526 1189 567 delib.
1235 526 1352 566 Herc.
1391 533 1466 566 etc.
1541 525 1672 576 Dicit,
1719 541 1761 567 se
1806 542 1889 567 non

66 597 280 639 uoluntate
311 612 465 647 amare,
499 598 571 639 sed
602 598 644 638 ui
676 597 830 653 magici
863 598 1074 639 carminis.

178 671 244 711 33.
285 672 419 712 Virens
452 673 491 711 ιή
525 674 664 711 Aetna.
723 670 850 711 Mons
881 679 939 711 est
973 669 1145 711 Siciliae
1177 685 1342 725 semper
1373 670 1544 725 ignitus.

180 744 245 784 36.
292 744 396 798 quod
427 758 495 784 me.
530 758 634 784 man.
666 745 757 798 slae'p.
834 741 972 784 Certis
1004 743 1114 784 enim
1147 743 1369 798 stipendiis
1400 743 1552 784 milites
1583 742 1712 784 otium
1744 758 1890 785 inere-

66 815 229 856 bantur.

177 890 242 930 39.
275 891 360 930 siue
382 889 508 930 nzeml.
533 890 634 945 lyra.
695 887 933 942 Tamquam
965 903 1070 943 quac
1103 887 1154 929 dc
1186 902 1234 929 ea
1265 888 1370 929 falsa
1401 896 1569 930 caneret
1590 904 1664 944 pcr
1684 889 1889 930 timorem.

64 1088 232 1118 habundat
255 1088 339 1126 apud
364 1097 497 1118 marsos.
529 1088 653 1117 marsis.
684 1097 700 1116 a
733 1088 835 1125 persis
872 1088 953 1116 enim
984 1088 1119 1117 trahunt
1152 1088 1321 1125 originem.
1356 1088 1430 1116 uide
1463 1098 1569 1126 supra.
1601 1093 1744 1127 caputque
1774 1098 1888 1119 marsa.

64 1153 167 1174 marsa
192 1145 329 1174 marsica
354 1143 415 1182 (z
441 1143 481 1181 C)
520 1144 553 1172 hi
581 1144 664 1172 enim
691 1148 723 1173 et
748 1144 854 1173 herbis
880 1147 912 1172 et
938 1144 1134 1173 carminibus
1159 1145 1313 1173 medicari
1339 1144 1443 1174 solent
1469 1145 1639 1174 aduersum
1664 1154 1788 1174 uenena
1825 1154 1891 1174 ser-

65 1203 220 1239 pentium.
247 1210 277 1230 u.
306 1201 358 1229 28.
387 1200 506 1229 sabella.
532 1199 644 1228 sabella
674 1201 854 1229 sabeorum.
887 1210 904 1228 a
936 1201 1037 1238 persis
1071 1200 1152 1229 enim
1174 1201 1305 1230 trahunt
1337 1201 1505 1239 originem.
1532 1201 1603 1242 Βφι
1639 1202 1752 1230 sabella
1777 1203 1796 1230 i.
1823 1211 1890 1230 ma-

66 1259 138 1295 gica
163 1258 237 1295 quia
264 1257 370 1286 sabini
396 1257 541 1294 magicae
566 1257 698 1285 student
722 1258 795 1286 arti.
821 1267 853 1286 u.
885 1257 937 1285 30.
963 1256 1026 1298 TC:
1068 1256 1147 1290 Quid
1170 1256 1294 1294 amplius
1319 1256 1386 1285 uis?
1418 1267 1511 1295 quam
1543 1262 1579 1286 ut
1617 1259 1770 1287 confitear
1807 1258 1890 1296 quod

65 1323 147 1351 amo,
184 1318 219 1343 ut
254 1313 369 1353 (Verg.
395 1313 434 1342 Α.
461 1313 514 1350 IV,
546 1313 640 1351 lOO):
667 1313 756 1342 habes
780 1316 867 1342 tolum
890 1312 966 1351 quod
988 1316 1080 1341 mente
1101 1312 1210 1350 petisti.
1236 1313 1331 1351 Vei-g.
1360 1313 1450 1342 libri:
1477 1314 1587 1349 habes,
1614 1317 1679 1342 tota
1704 1314 1799 1351 quod.

179 1371 213 1409 3)
239 1381 256 1400 0
282 1380 378 1407 mare,
405 1380 421 1399 ο
451 1370 563 1406 celum,
590 1379 607 1399 0
633 1373 718 1399 terra
744 1369 828 1404 R2‚r.
854 1369 953 1398 Plaut.
980 1369 1069 1398 Trin.
1097 1369 1116 1397 l.
1143 1369 1162 1397 l.
1188 1369 1302 1398 habet:
1331 1370 1430 1406 Mare,
1456 1373 1551 1405 terra,
1578 1369 1700 1398 caelum.
1726 1379 1743 1398 o
1768 1369 1891 1398 caelum

66 1436 152 1456 mare
176 1436 192 1456 0
210 1430 296 1456 terra
322 1436 338 1455 0
357 1426 457 1455 maria
473 1426 605 1463 neptuni
631 1435 693 1454 mv.
721 1425 747 1455 O
773 1428 869 1462 terra,
896 1434 913 1454 o
938 1425 1039 1454 maria
1064 1425 1204 1463 Neptuni
1239 1424 1285 1453 fh.
1326 1425 1352 1454 O
1384 1426 1505 1454 caelum
1537 1435 1553 1455 o
1586 1434 1674 1455 mare
1706 1436 1722 1455 0
1755 1428 1838 1454 terra
1873 1435 1890 1454 o

65 1484 168 1513 maria
192 1483 345 1521 Neptuni.
373 1491 419 1511 ca.
445 1491 479 1523 γτ
518 1482 590 1511 Ter.
617 1492 633 1511 0
660 1482 772 1511 celum.
800 1491 817 1511 0
841 1485 936 1510 terra.
963 1491 980 1510 o
1005 1482 1105 1510 maria
1131 1482 1277 1518 neptuni.
1306 1481 1349 1511 C:
1379 1481 1555 1511 exclamatio
1578 1481 1621 1510 sic
1646 1482 1834 1510 Terentius:
1863 1480 1890 1511 O

66 1540 198 1574 caelum,
224 1549 241 1568 0
267 1543 360 1575 terra,
386 1547 402 1567 0
427 1538 528 1566 maria
546 1536 704 1575 Neptuni!
768 1538 803 1575 4)
832 1537 963 1566 Lemma
987 1537 1079 1566 ardeo
1110 1538 1318 1575 amplificaui.
1344 1539 1413 1579 1319:
1450 1538 1552 1568 ardeo.
1579 1547 1602 1567 s.
1627 1541 1755 1567 tantum
1781 1538 1891 1567 incan-

64 1597 246 1626 tationibus
271 1597 347 1625 tuis.
410 1595 451 1633 5),
471 1595 621 1624 carminis
646 1595 763 1632 magici
790 1595 807 1623 2
833 1594 902 1623 rell.
928 1603 1012 1632 mag.
1039 1604 1134 1623 carm.
1195 1595 1229 1632 6)
1264 1594 1370 1623 Vlrens
1388 1594 1418 1623 K
1439 1594 1466 1632 (i
1489 1595 1546 1624 sub
1563 1604 1582 1623 u
1598 1604 1685 1624 more
1711 1594 1890 1632 Saxonico)

64 1652 158 1682 Bern.
195 1651 230 1681 C.
259 1652 368 1681 Ambr.
402 1651 492 1680 Harl.
518 1651 574 1692 γΒ.
601 1652 632 1680 in
658 1651 711 1693 tpD
739 1652 747 1679 i
774 1651 823 1680 lit.
851 1660 950 1680 erasa.
976 1651 1080 1680 Vrens
1106 1651 1136 1680 b.
1162 1650 1268 1680 Urens
1294 1650 1391 1680 Bern.
1416 1650 1445 1679 A
1470 1650 1601 1688 aliique.
1627 1650 1740 1690 Iym'tus
1764 1660 1794 1679 u.
1819 1660 1891 1688 pro-

65 1717 191 1738 creasse
221 1708 349 1737 uidetur
375 1708 517 1745 glossam
542 1711 691 1736 aestuans
716 1707 827 1736 Ambr.
846 1707 874 1735 D
894 1706 1064 1746 (estuans).
1085 1716 1146 1745 pro
1163 1711 1290 1736 estuans
1315 1717 1341 1748 γ.
1368 1706 1575 1744 Amplificaui
1602 1708 1718 1736 lemma
1743 1716 1812 1736 cum
1831 1708 1890 1744 2,1·,

65 1765 119 1803 qui
138 1765 258 1794 habent
276 1773 365 1793 urens
390 1763 420 1792 in
445 1768 542 1792 aetna.
568 1764 636 1793 rell.
656 1773 718 1792 non
737 1764 800 1792 nisi
817 1765 913 1792 Aetna
930 1773 960 1792 u.
979 1768 1164 1801 posuerunt.
1185 1762 1317 1792 Seruaui
1344 1763 1457 1799 Virens,
1477 1773 1494 1792 a
1512 1764 1545 1792 ui
1562 1773 1599 1792 ac
1616 1764 1729 1801 uigore
1746 1763 1892 1792 flammae

66 1821 135 1850 siue
161 1821 284 1859 ignium
312 1820 410 1858 (Plin.
435 1819 476 1856 ΙΙ,
506 1821 577 1848 103.
596 1819 666 1849 Liu.
686 1819 799 1856 XXVI,
819 1820 859 1849 29
880 1824 912 1849 et
928 1819 1019 1848 Lucr.
1038 1820 1079 1855 11,
1100 1820 1128 1856 5,
1149 1821 1188 1849 93
1203 1830 1208 1848 :
1223 1818 1306 1857 ferit
1320 1818 1440 1857 ignibus
1458 1818 1579 1857 impetus
1595 1820 1721 1858 Aetnae)
1739 1819 1770 1848 iu
1786 1820 1893 1849 Aetna

53 1875 186 1915 feruida
203 1877 336 1913 dictum,
355 1886 418 1906 non
435 1885 453 1905 a
470 1875 612 1914 fulgore3
630 1876 756 1905 flamma
775 1877 860 1905 enim
877 1885 933 1904 sua
951 1875 1054 1913 fulget
1072 1879 1196 1912 natura,
1214 1875 1246 1904 in
1260 1877 1354 1905 Aetna
1368 1880 1474 1904 autem
1489 1877 1631 1913 conspici
1645 1877 1767 1914 nequit,
1794 1880 1890 1914 atque

65 1933 219 1963 Horatius
245 1933 283 1961 de
309 1943 364 1962 suo
388 1932 500 1962 ardore
516 1933 658 1970 loquitur
678 1933 804 1971 (Ambr.
825 1938 856 1962 et
872 1942 907 1974 γε
938 1932 1040 1961 uirens
1063 1932 1094 1961 in
1118 1932 1229 1961 aethna
1255 1933 1274 1961 i.
1301 1942 1358 1961 nec
1376 1933 1421 1961 sic
1439 1933 1531 1962 ardet
1548 1933 1638 1962 ethna
1655 1936 1691 1961 ut
1709 1932 1783 1970 ego)
1804 1942 1891 1961 eum-

66 1999 127 2027 que
152 1994 315 2027 comparat
350 1999 419 2018 cum
445 1990 540 2018 Aetna
553 1988 683 2027 feruida
711 1989 760 2030 (γε
789 1993 950 2018 estuante.
977 1988 1149 2026 feruente)‚
1188 1998 1281 2027 quem
1307 1989 1327 2018 i.
1354 1989 1443 2017 cuius
1469 1989 1627 2018 flammam
1652 1998 1717 2018 non
1742 1988 1811 2018 uult
1838 1989 1892 2017 de—

67 2046 215 2083 scribere,
242 2046 341 2075 oculis
368 2049 398 2074 ut
421 2045 542 2083 adspisi
569 2046 682 2083 possit.
711 2045 924 2079 Quamobrem
950 2049 981 2074 et
1006 2045 1113 2074 Hofin.
1139 2045 1337 2083 Peerlcampi
1364 2046 1601 2083 expositionem
1627 2045 1732 2081 reicio,
1759 2046 1813 2082 qui
1839 2045 1892 2074 uel

66 2103 162 2132 oculos
185 2102 323 2132 uirentes
349 2112 390 2131 ex
416 2102 521 2131 Plaut.
547 2102 632 2131 Men.
663 2102 700 2139 V,
731 2103 760 2138 2,
781 2102 819 2130 76
847 2102 952 2131 adfert
977 2111 1033 2139 pro
1046 2101 1173 2141 fzclyore
1187 2101 1341 2139 fiammae,
1379 2107 1409 2131 et
1437 2102 1554 2131 Orellii
1581 2102 1892 2139 ‘interpretationem

66 2159 102 2189 de
121 2159 268 2197 flammae
297 2158 475 2197 sulphureae
506 2159 631 2196 qualem
657 2158 789 2187 exhalat
810 2157 916 2188 Aetna
941 2158 1037 2187 colore
1062 2158 1147 2187 inter
1172 2159 1295 2196 giluum
1320 2158 1455 2187 uiridem
1481 2163 1512 2188 et
1545 2158 1725 2187 caeruleum
1762 2157 1890 2187 medio.⁷

74 2216 180 2246 Virere
216 2216 300 2245 enim
335 2215 453 2244 metalla
489 2216 641 2245 dicuntur
665 2215 807 2244 Martial.
834 2215 888 2251 VI,
914 2216 966 2251 42,
997 2216 1047 2252 11,
1063 2215 1193 2253 flamma
1218 2224 1280 2245 non
1306 2215 1434 2252 dieitur,
1461 2224 1563 2252 neque
1588 2214 1673 2243 color
1699 2223 1740 2243 ex
1756 2214 1891 2251 ratione,

67 2281 163 2311 quam
197 2273 292 2302 modo
329 2272 409 2307 dixi,
447 2272 487 2300 ad
512 2281 577 2300 rem
603 2272 692 2301 facit.
730 2271 882 2310 Legenda
905 2273 1012 2310 potius
1038 2272 1123 2301 bella
1147 2271 1272 2301 Aetnae
1297 2272 1417 2300 montis
1443 2271 1617 2308 descriptio
1642 2270 1737 2308 Verg.
1768 2270 1807 2299 Α.
1833 2270 1892 2308 111,

68 2329 262 2358 571—577:
291 2347 331 2350 —
358 2329 426 2365 ,sed
450 2328 608 2357 horrificis
635 2329 729 2357 iuxta
754 2332 835 2357 tonat
858 2329 959 2357 Aetna
983 2329 1084 2358 ruinis
1109 2328 1339 2366 Interdumque
1371 2332 1475 2357 atram
1500 2326 1673 2365 prorumpit
1696 2326 1735 2355 ad
1761 2327 1893 2356 aethera

67 2386 183 2416 nubem
208 2385 348 2415 Turbine
373 2386 550 2414 fumantem
575 2385 662 2422 piceo
689 2388 719 2414 et
744 2384 886 2414 candente
900 2384 1017 2423 fauilla
1044 2384 1219 2423 Adtollitque
1244 2385 1354 2422 globos
1369 2384 1568 2422 flammarum
1593 2388 1624 2412 et
1642 2384 1748 2412 sidera
1766 2383 1890 2420 lambit,

69 2442 237 2472 Interdum
263 2443 409 2480 scopulos
435 2442 609 2478 auulsaque
634 2441 757 2470 uiscera
783 2442 900 2470 montis
927 2441 1027 2480 Eriyit
1049 2445 1188 2470 eructans
1212 2440 1432 2478 liquefataque
1465 2449 1546 2469 saxa
1571 2440 1628 2468 sub
1661 2449 1765 2468 auras.
1812 2438 1892 2468 Cum

68 2499 193 2536 gemitu
217 2499 373 2536 glomerat
391 2497 552 2534 fundoque
571 2500 723 2526 exaestuat
739 2497 823 2527 imo)
850 2497 938 2526 Haec
953 2498 1003 2526 uis
1022 2500 1054 2526 et
1066 2496 1168 2536 furor
1185 2501 1442 2534 prouocauerunt
1459 2496 1628 2525 lectionem
1642 2496 1767 2534 fierem,
1797 2504 1893 2533 quam

69 2555 101 2584 in
128 2555 238 2592 paucis
264 2557 387 2583 tantuin
414 2554 518 2590 iisque
536 2562 615 2582 recc.
634 2553 725 2582 codd.
753 2553 882 2582 Horatii
902 2553 990 2591 (Par.
1008 2553 1022 2581 Ι
1041 2554 1156 2582 habet:
1182 2552 1325 2582 Fui-entis
1342 2556 1368 2581 et
1385 2552 1498 2590 ethna)
1525 2552 1656 2588 offendi,
1682 2561 1762 2590 quae
1787 2556 1893 2581 tamen

69 2610 156 2639 etiam
179 2610 321 2639 librorum
345 2609 473 2638 Acronls
497 2608 673 2637 auctoritate
697 2608 813 2637 omniuo
838 2613 922 2638 caret
946 2618 1005 2638 nec
1035 2618 1096 2638 non
1127 2609 1370 2648 Porphyrionis,
1404 2609 1456 2646 qui
1489 2609 1574 2637 hunc
1606 2609 1707 2637 locum
1742 2618 1805 2637 non
1836 2618 1893 2637 ex-

69 2667 187 2704 posuit.
217 2666 306 2700 Quze
332 2675 401 2694 cum
426 2665 554 2694 facilior
572 2665 616 2694 sit
640 2674 733 2703 quam
761 2665 860 2694 uirens
885 2675 920 2694 ac
945 2674 1001 2703 per
1027 2675 1139 2694 sensus
1158 2665 1401 2702 simplicitatem
1419 2673 1613 2702 magnopere
1631 2673 1663 2692 se
1682 2664 1893 2700 commendet,

70 2731 89 2750 a
112 2722 221 2751 multis
248 2722 425 2751 editoribus
451 2725 582 2759 accepta
600 2731 635 2750 ac
654 2721 784 2750 defensa
810 2725 868 2750 est.
894 2719 1018 2750 Aethna
1036 2722 1068 2750 in
1085 2721 1162 2750 Hor.
1182 2726 1278 2758 atque
1297 2722 1329 2749 iu
1347 2721 1431 2757 lem.5
1458 2721 1550 2749 ethna
1568 2721 1601 2748 in
1618 2721 1749 2749 scholio.
1775 2719 1893 2758 Script.

70 2781 159 2807 aetna
175 2777 206 2806 K
231 2777 383 2816 (inconst.
409 2776 519 2806 ethnen
543 2776 600 2814 ΙΙΙ,
627 2778 658 2813 4,
687 2778 743 2814 76)
768 2776 859 2806 Harl.
886 2776 1073 2812 rmvcath,
1100 2781 1132 2805 et
1156 2780 1224 2805 etna
1249 2776 1360 2805 Ambr.
1388 2779 1416 2805 et
1448 2786 1462 2805 r
1487 2776 1590 2804 rarior
1615 2785 1709 2813 quam
1733 2775 1842 2804 aethna
1866 2776 1892 2804 E

71 2833 165 2862 Bern.
190 2832 246 2862 AC
274 2838 333 2862 etc.
360 2833 412 2862 uel
437 2832 536 2870 ethna,
563 2842 631 2861 cum
657 2833 686 2870 hy
712 2836 749 2862 ut
775 2834 809 2861 in
835 2832 978 2875 bRszIP
1005 2832 1125 2862 Genou.
1151 2833 1299 2870 aliisque.
1351 2833 1384 2870 7)
1410 2832 1586 2869 dispendiis
1606 2832 1634 2860 2.
1656 2849 1688 2852 w
1714 2833 1816 2861 ocium
1833 2831 1893 2860 Re.

72 2899 131 2919 om.
160 2890 244 2918 hanc
267 2898 377 2918 uocem
401 2899 426 2918 r.
451 2898 483 2929 γ;
508 2888 692 2927 stipendium.
719 2898 773 2926 pro
799 2898 901 2926 poena
925 2889 992 2918 uite
1017 2889 1135 2926 posuit.
1162 2893 1218 2917 aut
1244 2889 1433 2926 obsequium
1460 2891 1490 2917 et
1515 2887 1743 2916 ministerium.
1769 2888 1821 2916 uel
1842 2887 1895 2916 sti-

68 2945 208 2983 pendium
231 2945 319 2974 dixit
344 2954 399 2982 pro
424 2945 547 2973 tributo
573 2945 656 2982 quod
681 2954 823 2974 annuum
847 2948 1022 2982 prestatur.
1050 2944 1234 2982 Stipendium
1259 2945 1345 2973 enim
1370 2944 1497 2981 proprie
1528 2944 1647 2972 dicitur
1679 2944 1763 2982 quod
1795 2944 1892 2972 militi

73 3001 176 3031 datur.
202 3000 283 3030 conf.
311 3000 345 3030 C.
411 3000 445 3038 8)
473 3009 564 3038 quae.
590 2999 716 3037 R2G‚v.
742 3001 809 3030 rell.
835 3010 895 3030 om.
921 3004 1048 3029 caneret
1079 2999 1162 3029 falsa
1193 3001 1221 3029 2.
1252 3010 1286 3042 γε
1323 2999 1460 3029 mendaci
1490 2999 1560 3028 lira.
1593 2999 1691 3036 plena
1722 3000 1893 3028 mendacii.

73 3057 270 3087 mendatium
295 3058 379 3086 enim
404 3057 533 3086 uidetur
558 3057 585 3085 si
610 3059 642 3086 te
668 3057 868 3086 laudauerim
891 3061 948 3086 tua
973 3057 1057 3086 enim
1080 3057 1149 3085 uita
1174 3066 1237 3085 non
1261 3056 1408 3085 admittit
1433 3056 1555 3084 laudes.
1580 3055 1632 3084 uel
1657 3056 1803 3085 mendaci
1829 3055 1894 3093 lyra

74 3113 155 3142 falsa
191 3116 222 3143 et
258 3113 417 3143 adulanti.
442 3113 519 3142 licet
544 3122 605 3141 non
631 3121 722 3141 ueras
747 3116 855 3143 tamen
880 3113 985 3142 dicam
1009 3113 1071 3142 tibi
1096 3113 1219 3142 laudes.
1247 3111 1287 3141 cf.
1316 3110 1352 3141 C.
