2170 3460
916 162 965 194 IN
997 162 1140 195 CARM.
1172 164 1203 203 1,
1229 169 1282 197 38.
1888 162 1966 201 147

143 282 368 339 magnifico
399 288 606 338 apparatu
637 290 676 325 et
707 283 860 338 opimo.
920 283 1078 326 Persae
1109 292 1247 327 autem
1278 288 1331 329 ob
1363 289 1514 332 nimias
1545 291 1714 334 diuitias
1745 293 1788 334 in
1820 309 1965 350 sump-

144 355 391 398 tuosissimis
422 355 578 398 delitiis
608 356 763 412 degere
794 357 1000 398 dicuntur.

254 431 291 470 2.
321 430 500 487 philyra.
562 429 794 486 [ἅφυλλοςῖ
825 445 977 486 graece
1009 431 1237 486 στέφανοςῖ)
1279 433 1432 475 dicitur
1445 451 1454 483 3
1500 436 1569 477 hic
1608 439 1728 495 crgo]
1769 454 1965 482 coronam

141 503 193 544 de
225 502 459 560 [philyrassff
490 503 644 544 factam
674 503 826 558 posuit,
859 503 956 558 quia
986 504 1104 559 ipsae
1135 512 1175 546 et
1204 507 1472 561 pretiosiores
1503 515 1609 550 sunt.

251 577 289 618 3.
321 578 427 618 mitte
455 578 605 618 seclari.
665 575 791 618 Vetat
822 591 998 632 puerum
1029 593 1158 629 rosas,
1190 594 1297 634 quae
1326 581 1411 622 iam
1450 590 1620 637 peracto
1651 598 1749 626 uere
1780 585 1960 628 inueniri

140 649 286 700 solent,
317 649 500 691 studiose
532 663 745 704 quaerere.

250 724 289 763 4.
321 737 419 764 sera.
480 722 636 773 Tarda,
674 729 717 764 ut
757 723 893 779 (γει-9.
925 722 978 765 G.
1010 724 1088 775 IV,
1128 727 1250 782 138):
1303 729 1502 771 Aeslalem
1539 731 1783 786 increpitans
1820 746 1963 773 seram.

139 794 266 838 Seras
297 795 409 838 enim
438 796 643 837 tardiores
673 796 791 837 dixit.

250 871 288 911 5.
320 870 498 926 simplici.
559 867 792 925 Singulari,
824 871 891 912 cui
921 870 1027 912 nihil
1057 872 1172 914 aliud
1202 873 1469 929 adiungatur.

251 943 286 984 6.
328 943 503 985 Sedulus
549 943 770 992 studiosus,
817 945 1032 1000 officiosus.
1076 961 1199 1002 neque
1239 956 1273 989 te
1317 963 1367 989 m.
1406 949 1492 990 ded.
1577 949 1628 990 Id
1673 959 1752 1001 est,
1800 951 1963 993 tametsi

135 1023 271 1072 myrto
302 1024 468 1072 praeter
498 1031 635 1058 rosam
665 1017 807 1067 uteris,
851 1033 935 1060 non
965 1026 1005 1060 te
1037 1019 1223 1071 dedecet,
1269 1021 1390 1075 quasi
1420 1037 1504 1064 non
1534 1023 1660 1064 faciet
1692 1023 1768 1080 [tc]
1802 1025 1964 1080 gratiae

135 1105 320 1132 mmoris.

250 1165 287 1204 7.
319 1165 356 1205 8.
388 1164 462 1205 sub
493 1172 584 1205 arta
616 1165 695 1205 uite
726 1164 798 1206 bib.
858 1162 949 1205 Sub
980 1164 1140 1207 humili.

427 1234 727 1279 EXPLICIT
757 1236 944 1279 LIBER
976 1236 1313 1282 CARMINUM
1342 1240 1581 1284 PRIMVS.
1623 1241 1678 1283 A.

249 1365 282 1403 1)
321 1363 424 1403 opimo
467 1362 676 1406 ⁴sle‚Crva.
720 1363 835 1402 optimo
880 1364 1037 1402 A‘2‚mfh.
1083 1370 1115 1396 et
1159 1368 1264 1405 opimo
1309 1377 1368 1397 oni.
1409 1368 1461 1412 Βφ
1508 1369 1670 1407 (Por1›h.).
1713 1370 1878 1400 mediocra
1914 1371 1962 1412 γῖ).

133 1422 314 1452 medioctem
350 1423 379 1451 2.
420 1439 464 1442 —
505 1422 615 1451 Perses
649 1422 697 1464 ’(1).
758 1422 793 1460 2)
834 1422 926 1451 delic.
961 1423 1053 1464 ·(b.r.
1098 1428 1214 1461 sumpt.
1253 1424 1326 1463 (leg.
1365 1425 1427 1454 dic.
1466 1426 1527 1455 del.
1566 1427 1625 1455 ciis
1661 1436 1690 1468 γ.
1756 1427 1790 1465 3)
1830 1427 1962 1464 phillira

133 1479 217 1508 fillos
241 1478 281 1508 A.
314 1478 445 1517 phillira
469 1478 586 1516 pliillos
611 1478 648 1507 R.
674 1479 800 1517 phylira
825 1479 945 1518 phylon
969 1489 1016 1509 rv.
1048 1480 1167 1519 phylira
1192 1480 1274 1524 ΒφΕ
1308 1485 1338 1511 et
1370 1483 1436 1513 alii.
1475 1482 1616 1522 plzyllira.
1649 1484 1768 1522 phillos
1799 1493 1826 1526 γ.
1864 1483 1962 1513 Sebo-

132 1535 202 1565 lion
232 1534 462 1565 difficillimiun
495 1538 525 1564 et
556 1535 640 1564 male
672 1535 894 1573 deprauatum.
947 1535 1093 1575 phylira]
1128 1546 1232 1567 nomen
1265 1538 1375 1576 pueri!
1416 1540 1452 1568 b:
1495 1539 1641 1579 plcyllira]
1677 1549 1703 1578 ο,
1738 1550 1775 1570 ac
1808 1542 1834 1570 51
1866 1550 1963 1570 uoca-

131 1591 220 1620 tiuus
259 1595 355 1629 esset,
393 1592 524 1622 addidit
560 1596 668 1621 autem
704 1592 783 1621 haee
808 1601 890 1630 quae
927 1593 967 1621 ad
1004 1602 1132 1622 coronae
1164 1604 1194 1622 u.
1231 1595 1412 1632 pertinent:
1455 1597 1592 1634 quaein
1630 1598 1790 1627 conuiuiis
1827 1598 1962 1627 adhibe-

130 1648 258 1678 bantur.
301 1648 390 1678 ablat.
428 1649 448 1677 i.
487 1658 513 1678 e.
551 1649 724 1678 ablatiuus.
761 1647 973 1678 Manifestum
1011 1653 1076 1687 est,
1120 1651 1308 1680 monachum
1344 1652 1457 1682 folium
1494 1657 1590 1691 atque
1626 1653 1705 1683 folia
1742 1663 1799 1683 sua
1836 1655 1961 1684 coronis

131 1705 340 1735 adnexuisse.
367 1704 449 1735 Cum
473 1714 538 1734 non
563 1706 602 1735 de
626 1705 757 1745 philyra
783 1714 886 1735 sermo
913 1706 955 1734 sit
982 1706 1039 1735 sed
1065 1707 1103 1735 de
1129 1707 1254 1736 coronis
1272 1708 1400 1747 philyra
1416 1708 1522 1746 factis,
1549 1711 1723 1748 legendum
1751 1719 1821 1740 8558
1845 1720 1961 1741 censeo

131 1758 315 1805 ἄφυλλος
349 1771 464 1800 graece
500 1759 694 1805 στέφανος
729 1762 906 1791 seeundum
940 1761 1101 1792 Xenarch.
1139 1772 1190 1800 ap.
1228 1762 1346 1793 Athen.
1382 1764 1451 1803 XV,
1487 1767 1545 1796 25:
1584 1762 1725 1810 Φιλύρας
1758 1764 1825 1810 εἶχε
1862 1776 1919 1809 γαρ
1945 1764 1961 1797 r',

129 1819 204 1853 παῖς
239 1814 420 1861 ἄφυλλον
456 1815 658 1861 στέφανον
694 1815 932 1861 ἀμφικείμενον.
981 1818 1064 1848 Nam
1093 1818 1221 1858 philyra
1258 1817 1412 1863 φύλλον
1449 1823 1518 1851 siue
1549 1822 1676 1861 phyllon
1709 1823 1758 1862 (a)
1796 1827 1852 1853 aut
1882 1823 1961 1863 phy—

130 1875 179 1905 lon
205 1874 268 1914 (m)
295 1885 410 1913 graece
422 1874 537 1914 folium
561 1875 682 1904 dicitur
701 1874 768 1913 (fh)
796 1875 891 1912 plane
915 1875 1090 1904 absurdum
1116 1879 1175 1905 est.
1200 1876 1303 1914 pliilos
1329 1878 1493 1916 significat
1507 1878 1623 1917 filium
1649 1880 1678 1908 2.
1705 1874 1829 1922 (Ililsasau
1851 1889 1961 1919 yraecc

129 1932 195 1961 tilia
219 1932 346 1969 dicitur,
385 1933 469 1971 quod
496 1932 634 1968 Quidam
658 1932 833 1970 temptauit
858 1935 955 1969 atque
980 1940 1123 1961 coronam
1147 1931 1183 1961 cle
1207 1933 1279 1962 tiliis
1291 1933 1432 1972 stactam,
1470 1945 1601 1973 prorsus
1627 1937 1734 1965 aliena
1760 1941 1851 1973 sunt,
1885 1937 1961 1974 quia

130 1998 195 2018 non
220 1989 260 2018 de
272 1989 440 2019 arboribus
466 1990 573 2028 agitur
598 1989 655 2018 sed
680 1989 720 2018 de
746 1988 890 2025 coronis,
918 1988 957 2016 de
981 1987 1110 2017 bracteis
1131 1988 1273 2028 philyrae
1299 1991 1401 2029 (Plin.
1429 1991 1469 2020 H.
1488 1992 1528 2021 N.
1554 1992 1669 2029 XXIV,
1699 1993 1754 2030 11)
1781 2003 1862 2031 quae
1887 2002 1961 2031 ope-

129 2046 234 2075 rosius
258 2045 363 2076 factae
389 2051 497 2082 erant,
524 2050 560 2075 ut
586 2046 671 2075 idem
696 2045 781 2074 Plin.
806 2044 890 2082 XXI,
918 2045 936 2074 3
963 2045 1026 2074 ait:
1066 2047 1236 2084 tenuibus,
1262 2046 1360 2076 instar
1377 2047 1534 2087 philyrae,
1561 2049 1693 2079 laminis
1719 2051 1824 2079 aureis
1851 2054 1882 2079 et
1909 2059 1958 2079 ar-

129 2103 256 2141 genteis
281 2104 400 2133 adiecit
424 2103 588 2133 tenuiores
613 2103 693 2131 alias
718 2103 874 2134 bracteas.
901 2110 982 2139 quae
1007 2102 1168 2139 pendulae
1195 2108 1314 2133 essent.
1342 2109 1373 2134 et
1398 2104 1482 2142 XVI,
1507 2106 1563 2134 14:
1589 2107 1800 2136 tenuissimae
1825 2106 1958 2135 tiliarum

124 2159 276 2198 philyrae,
303 2169 493 2190 coronarum
518 2160 683 2189 lemniscis
709 2159 862 2195 celebres,
897 2159 1107 2196 antiquorum
1131 2159 1262 2190 honore.
1294 2161 1410 2191 Totam
1427 2164 1565 2200 prlorem
1583 2163 1699 2193 scholii
1715 2167 1838 2201 partem
1857 2164 1958 2192 eicere

129 2226 199 2245 cum
222 2217 243 2245 b
270 2220 301 2246 et
326 2221 459 2254 propter
483 2217 710 2246 auctoritatem
734 2216 889 2245 librorum
916 2220 945 2245 et
973 2220 1102 2254 propter
1128 2217 1360 2255 explicationis
1385 2223 1535 2249 naturam
1561 2221 1617 2250 alii
1642 2230 1765 2250 mecum
1791 2221 1958 2250 dissuade-

127 2273 219 2303 bunt.
261 2274 301 2302 de
319 2272 406 2310 foliis
429 2274 504 2302 libri
530 2282 650 2303 omnes.
686 2272 772 2302 Bene
798 2273 861 2301 iam
887 2277 1052 2301 monuerat
1077 2272 1122 2302 C:
1148 2272 1247 2303 Aliud
1264 2279 1374 2305 autem
1390 2272 1510 2318 φΰὶλον
1537 2278 1557 2305 1.
1576 2277 1697 2314 folium,
1724 2278 1813 2306 aliud
1831 2277 1959 2316 philyra

128 2330 150 2359 i.
177 2333 279 2359 cortex
295 2329 377 2359 tiliae
401 2330 533 2359 arboris.
560 2334 610 2359 et:
635 2338 731 2359 nexae
751 2328 890 2368 philyra.
932 2329 1083 2359 fioribus:
1109 2330 1192 2360 tales
1224 2332 1310 2361 enim
1343 2333 1503 2362 conuiuiis
1529 2333 1766 2363 adhibebantur
1791 2335 1957 2372 operosius

127 2386 242 2417 factae.
268 2396 371 2416 nexae.
397 2387 529 2416 floribus
553 2387 585 2418 b.
632 2387 706 2416 hine
732 2395 806 2424 ergo
833 2386 870 2415 R.
919 2387 952 2426 4}
982 2390 1009 2415 et
1032 2387 1091 2429 Αγ.
1119 2388 1187 2425 ipse
1211 2387 1250 2416 A.
1277 2388 1356 2426 ipsis
1381 2398 1405 2417 r.
1456 2387 1490 2427 5)
1517 2398 1614 2426 puero
1638 2389 1673 2418 R.
1711 2399 1844 2427 puerum
1871 2399 1956 2419 suum

130 2445 159 2472 1.
187 2443 222 2483 8)
242 2442 337 2482 Sera]
366 2452 453 2473 seras
470 2443 620 2472 tardiores
637 2444 720 2473 discit
734 2442 825 2484 ΑγΡιι·
851 2443 966 2482 (dicit).
993 2443 1052 2473 loc.
1071 2443 1168 2482 Verg.
1189 2454 1249 2474 om.
1265 2444 1321 2486 Ay,
1347 2449 1452 2475 totam
1477 2446 1521 2483 gl.
1548 2447 1577 2475 b.
1604 2455 1663 2475 ser.
1684 2447 1766 2475 tard.
1786 2447 1874 2476 dixit
1893 2456 1954 2478 om.

129 2500 201 2530 edd.
222 2500 293 2543 Βφι
321 2500 421 2530 Saera
445 2501 467 2530 i.
493 2501 586 2530 tarde
610 2504 687 2530 nata
713 2504 828 2538 utpote
855 2501 969 2530 ultima
986 2505 1081 2538 parte
1109 2502 1207 2530 ueris.
1257 2501 1292 2540 9)
1319 2506 1371 2531 aut
1397 2502 1480 2531 nihil
1508 2503 1538 2532 2.
1573 2519 1612 2522 -—
1648 2503 1846 2540 adiungatur
1863 2503 1954 2540 ΛΖΓ.

127 2557 196 2586 rell.
222 2556 422 2595 adiungitur.
464 2557 515 2586 cui
538 2557 620 2586 1111111
645 2557 794 2586 additum
819 2562 885 2586 est:
915 2566 1018 2595 neque
1034 2558 1142 2587 mixta
1160 2561 1210 2587 est
1230 2558 1366 2588 aliorum
1382 2559 1523 2588 colorum
1536 2559 1666 2588 floribus
1692 2563 1747 2588 aut
1774 2559 1889 2589 herbis.
1916 2560 1950 2589 C.

126 2630 170 2634 ——
195 2613 234 2642 Id
259 2617 307 2643 est
333 2623 393 2644 om.
421 2614 450 2643 2.
499 2612 632 2643 Glossas
667 2623 704 2642 ac
734 2613 854 2642 sedulus
879 2615 965 2643 stud.
993 2613 1061 2643 offit
1090 2615 1212 2643 habent
1237 2614 1325 2656 ATC.
1362 2615 1430 2644 rell.
1465 2625 1525 2645 0111.
1594 2615 1649 2653 11)
1677 2625 1740 2644 non
1764 2620 1796 2645 te
1821 2616 1903 2646 decet
1925 2626 1952 2659 γ.

125 2670 213 2709 quasi
235 2671 310 2700 libri
335 2680 455 2700 omnes.
498 2669 525 2705 Q
549 2670 628 2708 quia.
654 2674 680 2699 te
704 2679 763 2699 om.
789 2670 886 2712 A3‘2r,
938 2670 994 2709 13)
1022 2672 1065 2709 gl.
1091 2680 1151 2700 om.
1176 2671 1286 2708 mar.
1323 2670 1387 2701 Sub
1413 2672 1526 2702 humili
1551 2671 1639 2700 uitae.
1665 2672 1740 2700 hinc
1766 2673 1824 2702 sub
1849 2673 1953 2703 humi-

127 2728 211 2757 litate
238 2729 300 2765 ΙΝ.
325 2737 344 2770 γ
368 2732 400 2757 et
425 2728 495 2757 rell.
523 2728 581 2757 sub
606 2728 732 2757 humili.
772 2731 839 2757 arta
865 2727 957 2768 A-,1,x-.
985 2728 1053 2757 rell.
1080 2734 1178 2760 arcta.
1228 2728 1364 2758 Glossae
1389 2737 1431 2757 ex
1455 2737 1489 2770 γε
1531 2738 1560 2757 u.
1592 2730 1618 2756 1.
1640 2728 1788 2766 persicos.
1814 2730 1952 2767 regales.

127 2785 266 2822 regaleis
292 2783 328 2813 C.
369 2787 544 2822 apparatus.
571 2784 705 2813 delicias
730 2783 764 2813 C.
815 2785 844 2813 2.
872 2783 1034 2821 displicent.
1060 2785 1139 2814 mihi
1165 2785 1289 2814 scilieet
1314 2795 1340 2826 γ.
1368 2787 1426 2815 sub
1451 2785 1528 2814 mihi
1557 2783 1591 2814 C.
1641 2786 1669 2814 3.
1694 2785 1774 2814 mitte
1798 2795 1822 2814 5.
1840 2787 1953 2816 omitte

125 2850 153 2882 γ.
181 2841 201 2869 i.
226 2840 352 2869 dimitte
377 2841 539 2879 inquirere
563 2840 624 2883 Βφ.
649 2850 674 2869 s.
701 2845 732 2870 et.
751 2842 908 2879 promitte
934 2842 985 2871 uel
1010 2843 1121 2871 omitt-e
1146 2843 1176 2871 b.
1227 2843 1256 2872 5.
1282 2841 1366 2871 nihil.
1393 2851 1417 2871 s.
1443 2842 1580 2879 amplius
1597 2840 1654 2883 γΟ.
1705 2842 1734 2870 8.
1761 2841 1901 2871 bibentem
1926 2853 1950 2872 5.

127 2897 220 2926 decet
244 2898 371 2926 mirtus.
419 2899 439 2927 b
465 2902 497 2927 et
521 2897 567 2927 C:
595 2897 740 2936 Simplici.
766 2898 895 2928 Sufficit
921 2899 1037 2937 inquid
1061 2898 1177 2928 mirtea
1202 2908 1319 2928 corona
1345 2903 1375 2927 et
1401 2899 1463 2927 tibi
1488 2899 1691 2928 ministranti
1715 2899 1795 2928 mihi
1822 2900 1950 2930 sedenti

127 2954 186 2983 sub
210 2954 395 2984 umbraculo
420 2954 509 2984 uitis.
535 2955 632 2984 mitto
657 2958 763 2984 autem
788 2956 1025 2985 coronabantur
1049 2956 1173 2993 antiqui
1200 2956 1234 2984 in
1259 2956 1426 2984 conuiuiis.
1459 2955 1578 2993 quippe
1603 2960 1634 2984 et
1660 2956 1816 2985 flexibilis
1842 2962 1891 2986 est
1918 2963 1948 2987 et

126 3012 237 3040 ueneri
262 3016 460 3042 consecrata.
487 3011 527 3042 C:
553 3013 612 3042 hoc
638 3017 698 3050 est,
725 3012 797 3043 suff.
822 3017 918 3053 myrt.
945 3023 989 3043 co·
1017 3018 1047 3043 et
1073 3018 1096 3043 t.
1121 3013 1267 3042 ministro
1291 3015 1319 3040 et
1340 3020 1382 3040 m.
1412 3029 1449 3032 „-
1476 3016 1582 3050 myrto
1608 3029 1651 3032 —
1675 3013 1793 3051 quippe
1817 3023 1892 3051 quae
1919 3019 1949 3043 et

126 3066 242 3096 flexilis
268 3071 326 3097 etc.

1686 3219 1733 3244 10³

1990 960 2031 991 10
