2283 3535
805 178 851 210 IN
879 177 1022 210 CARM.
1049 178 1109 216 iv,
1139 181 1190 210 15.
1820 165 1899 205 431

192 304 257 344 21.
288 317 367 343 ozon
398 317 430 357 q.
457 317 496 358 p.
533 302 579 342 Ι).
613 302 644 341 b.
705 298 865 342 Gentes
887 315 911 342 a
931 298 1070 349 fluuio,
1103 305 1145 340 ut
1179 298 1253 353 (A.
1276 298 1376 349 VII,
1400 300 1525 354 715):
1559 308 1593 342 et
1628 300 1800 341 Tiberim
1822 301 1903 341 Fa-

81 376 286 431 barimque
317 375 468 416 bibunt.

192 450 258 489 22.
290 448 347 489 ecl.
379 462 413 488 r.
443 447 565 487 Jule'a.
626 446 667 485 A
697 445 822 487 nullis
858 444 1053 499 gentibus
1085 444 1187 485 dicit
1217 444 1335 499 leges
1366 442 1551 498 Augusti
1583 445 1814 494 contemni3
1861 445 1903 486 in

79 519 240 562 Juliam
271 520 382 561 enim
414 526 580 575 gentem
612 519 745 560 fuerat
776 518 998 573 adoptatus
1030 518 1263 573 Augustus.

198 594 331 635 Gelae.
394 590 535 634 Gothi.

195 668 258 707 23.
290 666 450 721 insidiue
485 667 525 706 P.
549 674 566 694 δ
588 662 789 706 Crassum
821 664 932 706 enim
964 679 1155 705 securum
1186 664 1238 704 dc
1269 678 1372 718 pacc
1406 668 1713 718 persuaserant.

196 742 262 781 24.
294 754 372 780 non
409 740 450 780 Τ.
476 754 518 794 p.
544 753 586 794 p.
616 740 656 793 sl.
689 740 776 779 orle'.
839 736 1035 792 Scythae.

195 813 373 854 25-29.
401 812 585 868 profestis
615 812 779 853 lucibus.
841 810 1017 851 Diebus.
1080 811 1257 865 I’rosesle'
1289 810 1378 851 dics
1414 808 1674 858 dicebantur,
1713 808 1785 864 qui
1813 815 1908 849 ante

82 886 209 928 festos
241 892 371 926 erant.

194 960 260 1000 26.
293 959 426 1000 iocosi.
488 957 714 999 Laetitiam
747 957 939 1008 iubentis,
972 964 1013 998 ut
1047 956 1120 1012 (A.
1154 956 1186 1007 I,
1220 958 1341 1011 734):
1375 957 1480 998 adsit
1512 957 1685 998 laetitiae
1720 955 1907 997 Bacchus

84 1033 199 1074 dator
231 1040 265 1073 et
299 1032 398 1073 bona
427 1032 547 1073 szo.

199 1104 284 1162 [28.
316 1107 400 1146 rite.
463 1103 571 1146 Cum
603 1104 850 1160 affectibus]

198 1179 417 1234 appreeate‘.
476 1177 739 1219 Inuocantcs.

196 1253 262 1292 29.
296 1253 439 1293 uirlute
469 1253 497 1305 sl
556 1251 713 1300 Duces,
745 1251 892 1305 inquit,
929 1250 1108 1304 optimos
1148 1256 1369 1304 parentum
1407 1248 1561 1304 pietate
1599 1247 1909 1298 uenerabimur,

84 1324 192 1365 inter
223 1339 326 1379 quos
358 1323 576 1380 Augustus
609 1332 681 1365 est.

197 1399 262 1439 30.
298 1398 417 1454 Lydis
450 1413 482 1438 r.
516 1413 546 1439 c.
580 1407 603 1439 t.
663 1397 799 1452 Lydis
830 1397 944 1438 tibiis
975 1396 1084 1437 laeta
1107 1395 1378 1445 canebantur,
1416 1394 1619 1450 Phrygiis
1642 1394 1795 1443 tristia,
1829 1400 1912 1435 tres

85 1470 196 1511 enim
233 1471 378 1512 modos
418 1470 628 1511 habebant
662 1470 879 1511 tibiarum:
924 1470 1129 1518 Ionicum,
1174 1469 1376 1524 Lydium,
1414 1467 1665 1523 Phrygium,
1713 1481 1837 1522 quem
1874 1474 1914 1508 et

83 1543 334 1585 Barbarum.
407 1544 458 1584 In
495 1544 694 1585 honorem
725 1552 862 1585 autem
900 1543 1121 1599 Lydorum
1162 1542 1333 1592 dictum,
1367 1542 1465 1597 quia
1503 1541 1585 1596 ipsi
1624 1541 1752 1596 primi
1787 1540 1913 1582 tibias

85 1617 347 1658 inuenerunt.

198 1691 264 1731 31.
296 1691 361 1731 32.
398 1692 466 1732 Tr.
499 1706 527 1732 e.
562 1692 606 1731 A.
640 1706 669 1732 e.
703 1706 739 1731 α.
768 1705 807 1746 p.
846 1690 885 1730 V.
919 1705 950 1731 c.
1029 1688 1080 1729 In
1111 1687 1296 1744 Augusti
1333 1688 1536 1729 honorem
1567 1687 1780 1729 Venerem
1819 1686 1911 1727 lau·
1938 1701 1944 1710 ·

87 1762 179 1803 dari
208 1763 308 1812 uult,
341 1763 439 1818 quia
469 1763 522 1804 ab
553 1762 642 1804 Juli
674 1763 889 1805 descendit
921 1761 1097 1817 origine.
1160 1760 1279 1803 Ordo
1311 1767 1394 1802 est:
1441 1759 1529 1802 Nos
1565 1760 1783 1816 apprecati
1814 1760 1914 1801 deos

88 1850 284 1878 canemus
315 1837 442 1877 duces
472 1837 634 1878 functos
664 1837 817 1877 uirtute
858 1849 973 1876 more
1004 1841 1171 1890 patrum
1202 1834 1379 1875 remixto
1412 1834 1598 1875 carmine
1629 1833 1744 1875 tibiis
1775 1832 1914 1889 Lydis

87 1915 126 1950 et
157 1908 342 1950 Troiam.

807 2037 1166 2082 PORPHYRION.

201 2129 382 2171 Phoebus
402 2145 441 2171 u.
467 2145 509 2186 p.
543 2145 589 2170 m.
623 2131 647 2170 l.
709 2128 895 2181 Quidam
926 2135 1123 2183 separant
1152 2129 1261 2170 hanc
1292 2128 1401 2170 oden
1432 2143 1456 2169 a
1478 2128 1707 2183 superiore,
1740 2128 1813 2169 sed
1834 2143 1912 2183 po-

88 2208 167 2243 test
197 2202 258 2242 illi
288 2202 420 2258 iungi,
454 2203 650 2258 quoniam
683 2209 721 2243 et
751 2203 819 2244 hic
850 2202 995 2244 laudes
1026 2202 1222 2243 dicuntur
1252 2200 1451 2257 Augusti.

204 2277 240 2316 1.
273 2276 415 2317 Phoeb.
448 2292 486 2317 u.
512 2292 554 2332 p.
585 2291 636 2317 m.
668 2277 692 2317 l.
724 2291 762 2317 u.
796 2292 825 2317 e.
857 2291 896 2317 u.
929 2278 954 2318 τ’.
988 2277 1011 2317 Ι.
1070 2275 1168 2317 Νο11
1203 2275 1296 2331 lyra
1333 2274 1555 2329 increpuit,
1595 2275 1670 2316 sed
1706 2274 1916 2316 uolentem

90 2362 157 2389 me
188 2348 350 2404 proelia
380 2349 471 2404 lyra
502 2349 630 2404 loqui.

201 2437 249 2463 ne
272 2437 314 2478 p.
349 2429 447 2479 tyrr.
473 2438 515 2478 p.
549 2438 606 2464 ae.
637 2438 676 2464 u.
701 2423 737 2464 d.
797 2422 1065 2478 Allegoricos
1086 2421 1366 2477 significatur:
1398 2435 1450 2462 ne
1472 2436 1672 2477 magnam
1693 2421 1915 2463 materiam

89 2494 238 2535 humili
269 2496 415 2550 generi
447 2495 644 2537 carminis
675 2496 990 2542 committerem,

206 2605 239 2644 3)
266 2606 451 2635 nationibus
475 2605 512 2635 A.
563 2607 597 2645 5)
623 2606 752 2636 flumine
777 2606 835 2635 Re.
863 2605 964 2636 Gothi
990 2616 1050 2636 om.
1077 2603 1280 2643 21G,rmvca.
1347 2604 1381 2643 6)
1407 2604 1467 2634 Per
1492 2613 1534 2634 cr.
1561 2614 1609 2634 en.
1636 2613 1777 2634 seuerum
1801 2605 1840 2634 de
1865 2615 1916 2644 pa.

92 2666 294 2700 persuaserat
318 2663 346 2692 2.
373 2667 577 2700 persuaserat
604 2664 631 2692 1.
658 2664 726 2692 rell.
753 2668 987 2701 persuaserant.
1013 2663 1041 2699 Q
1065 2666 1293 2701 percusserant.
1320 2662 1472 2700 quoniam
1499 2670 1639 2690 crassum
1669 2661 1809 2691 simulata
1840 2672 1919 2700 pace

91 2723 278 2747 necauerunt
299 2717 342 2760 70
367 2718 602 2758 (necauerant).
670 2720 724 2758 14)
750 2728 938 2749 ueneramur
961 2719 999 2749 A.
1027 2722 1215 2749 uenerantur
1238 2719 1404 2755 R2l,rmv.
1431 2717 1648 2747 uenerabimur
1679 2716 1794 2752 acth.
1861 2718 1916 2757 16)

93 2776 283 2804 canebantur
306 2775 421 2812 AR2‚r.
448 2776 517 2804 rell.
544 2776 762 2806 cantabantur.
781 2794 820 2797 -—
841 2776 953 2815 Lydz’z's
978 2776 1007 2805 A
1030 2776 1106 2805 Hor.
1132 2776 1222 2805 lidiis
1239 2776 1268 2804 A
1294 2776 1327 2804 in
1351 2776 1458 2804 lemm.
1485 2779 1516 2804 et
1542 2775 1574 2803 in
1600 2775 1666 2803 sch.
1720 2775 1774 2813 17)
1799 2774 1919 2805 lunium

94 2835 126 2861 et
149 2831 235 2871 fryg.
261 2830 299 2860 A.
351 2832 405 2870 18)
431 2831 582 2861 lidiorum
606 2832 676 2870 quia
700 2831 737 2870 A,
764 2842 825 2862 om.
853 2833 981 2862 dictum.
1007 2832 1158 2862 lidiorum
1184 2832 1305 2862 dictum
1328 2841 1388 2870 qua
1412 2831 1445 2860 R.
1461 2830 1633 2870 fidyiorum
1658 2831 1760 2860 dictus
1785 2832 1860 2869 quia
1887 2833 1917 2861 2.

93 2888 251 2928 lydiorum
277 2889 321 2918 di.
346 2888 417 2927 qaia
441 2899 466 2918 r.
494 2889 656 2928 lydiorum
683 2890 724 2918 di.
751 2891 835 2928 quod
861 2900 923 2919 mv.
949 2889 1097 2928 lydorum
1123 2889 1165 2918 di.
1192 2888 1269 2926 quod
1292 2887 1403 2923 cath.
1454 2887 1512 2925 20)
1537 2886 1621 2924 Aug.
1646 2887 1720 2916 hon.
1738 2887 1829 2917 AR2.
1847 2888 1917 2917 rell.

94 2944 166 2973 hon.
192 2944 275 2983 Aug.
326 2945 382 2984 21)
409 2945 505 2973 iuliae
530 2944 569 2974 A.
597 2945 655 2974 iuli
683 2945 821 2985 21R(Q>.
847 2947 914 2975 rell.
941 2946 1017 2975 iulii.
1045 2945 1133 2975 Ordo
1159 2962 1200 2965 —
1227 2944 1356 2973 Troiam
1380 2953 1440 2973 om.
1467 2942 1588 2979 AlG‚r.

207 3000 427 3038 Expositiom‘i
453 3001 582 3030 Horatii
607 3001 688 3030 liber
712 3001 787 3031 IIII.
816 3002 933 3040 explic.
962 3003 1075 3039 incipit
1100 3002 1180 3030 liber
1204 3001 1241 3030 V.
1267 3001 1296 3030 A
1322 3000 1404 3038 (cod.
1431 3000 1576 3029 Horatii:
1612 2998 1650 3034 Q.
1678 2999 1790 3029 Horatc¹
1812 2999 1918 3029 Flacci

96 3054 248 3085 Carminfi
273 3056 343 3086 Lib.
368 3057 441 3086 IIII.
469 3057 584 3095 explic.
611 3058 727 3096 incipit
753 3059 876 3096 epodon
900 3058 1079 3097 feliciter.)
1139 3058 1275 3087 Aci-onis
1301 3056 1510 3086 Grammatici
1540 3055 1798 3086 Commentarius
1824 3057 1854 3085 in
1879 3056 1916 3092 Q.

99 3111 203 3141 Oratii
235 3112 332 3142 libros
365 3114 540 3143 carminum
574 3114 657 3143 finit.
691 3114 834 3144 eiusdem
866 3115 901 3144 in
926 3115 1048 3152 epodon
1074 3114 1186 3152 incipit
1211 3113 1279 3152 (R).

208 3167 361 3197 PORPH.
411 3169 478 3199 Ode
505 3168 590 3200 CIII.
617 3169 652 3200 R.
703 3170 759 3210 26)
786 3170 909 3201 Foebus
934 3171 967 3200 M
991 3171 1051 3200 bis.
1080 3167 1164 3212 ωόην
1189 3170 1232 3200 Μ.
1283 3170 1339 3210 27)
1366 3173 1397 3200 et
1422 3178 1481 3199 om.
1507 3169 1613 3200 rvafh.

1953 599 1970 629 05!

1938 963 1975 995 lO

1939 1330 1977 1361 15

1942 2431 1983 2463 30
