2283 3535
845 192 893 222 m
913 191 1049 225 CARM.
1079 192 1145 229 111,
1173 195 1200 224 7.
1228 197 1258 223 s.
1884 186 1963 225 299

140 326 281 360 uxore,
327 312 543 353 sacrificet.
623 311 718 353 Hac
749 312 861 352 enim
893 312 960 353 die
992 328 1035 354 se
1066 328 1165 353 casu
1195 313 1358 353 arboris
1391 323 1687 356 commemorat
1727 317 1963 367 liberatum,

139 392 178 425 et
202 384 310 441 [esse
341 384 452 441 eam]
477 391 665 425 seruatae
697 384 841 425 salutis
873 384 931 425 uti
963 385 1125 425 festino.
1187 384 1309 426 Ordo
1345 394 1426 426 est:
1469 386 1696 430 Maecenas
1727 390 1846 431 docte
1878 405 1964 430 scr-

139 472 282 499 mones
312 458 528 512 uti-iusque
549 457 732 513 linguae,
768 456 830 513 [id
852 465 926 507 est,
962 458 1154 499 Graecae
1177 465 1216 498 et
1237 457 1417 499 Latinae
1440 459 1629 516 linguae]
1653 462 1832 512 miraris,
1865 463 1964 517 quid

138 530 304 572 caelebs
335 546 459 586 agam
490 530 659 571 Martiis
680 529 903 580 Kalendis,
937 531 1037 585 quid
1059 531 1190 572 uelint
1209 530 1344 581 flores,
1378 539 1415 572 et
1448 547 1593 573 acerra.
1624 533 1749 588 plena
1779 535 1894 585 turis,
1927 543 1966 576 et

138 603 264 646 carbo
295 604 454 659 positus
485 603 528 644 in
558 603 659 644 uiuo
690 603 862 657 cespite.

254 679 288 718 1.
322 678 487 719 caelebs.
563 676 619 717 Vt
652 677 799 718 uiduae
830 676 919 717 sine
950 677 1075 726 uiris,
1122 677 1177 717 ita
1211 679 1376 720 caelibes
1408 678 1496 720 sine
1527 678 1728 720 uxoribus
1759 679 1964 721 dicuntur.

138 751 293 792 Martiis
324 751 532 792 Kalendis.
593 749 852 791 lWatronalia
884 749 1133 791 dicebantur
1163 765 1224 801 eo,
1257 752 1368 805 quod
1390 752 1529 792 mariti
1552 767 1626 806 pro
1650 753 1966 793 conseruatione

137 823 324 879 coniugii
356 823 664 879 supplicabant,
699 831 738 864 et
768 830 857 864 erat
887 823 977 865 dies
1008 824 1177 878 proprie
1208 825 1337 865 festus
1368 825 1580 866 matronis.

249 898 286 937 2.
319 906 353 938 et
388 912 532 938 acerra
573 898 683 938 luris.
758 896 1009 938 Turibulum
1055 896 1273 938 dicebatur
1319 896 1592 939 ministrantis
1640 898 1964 955 [ministerialis]

135 969 279 1024 patina
310 969 462 1017 fictilis,
494 976 538 1010 ut
569 976 630 1011 est
661 969 798 1024 (l'ery.
830 967 886 1010 A.
918 969 966 1019 V,
1000 971 1122 1024 745):
1148 971 1271 1025 plena
1303 971 1473 1026 suppleas
1507 981 1724 1013 ueneratur
1755 986 1912 1014 acerra.

249 1043 285 1083 ἴ).
317 1044 528 1098 utriusque
561 1044 735 1097 linquae.
800 1040 992 1083 Graecae
1024 1049 1061 1083 et
1093 1042 1286 1084 Latinae.

251 1116 286 1156 6.
318 1130 514 1157 uoueram
551 1116 677 1157 dulcis
717 1116 867 1171 epulas.
941 1115 1072 1156 Modo
1113 1116 1250 1156 reddit
1289 1116 1548 1173 [rationem],
1592 1132 1664 1158 cur
1701 1118 1827 1159 saciat
1863 1118 1964 1159 hoc:

135 1188 294 1229 scilicet
324 1188 395 1229 illo
426 1188 494 1230 die
525 1203 568 1229 se
599 1188 764 1230 uouisse
795 1188 909 1238 dicit,
943 1203 1024 1242 quo
1058 1188 1155 1245 [est]
1189 1189 1376 1243 periculo
1408 1189 1571 1231 arboris
1603 1198 1781 1245 ereptus.

249 1263 284 1303 6.
320 1264 356 1303 7.
390 1271 425 1304 et
457 1263 593 1303 album
628 1263 710 1304 Lib.
744 1277 829 1318 cap.
890 1259 1066 1316 Superis
1097 1261 1235 1316 aptior
1265 1269 1355 1303 erat
1385 1262 1482 1303 alba
1512 1263 1704 1312 uictima3
1736 1278 1834 1304 nam
1865 1263 1963 1304 Diis

134 1334 409 1377 infernalibus
439 1349 606 1390 semper
634 1334 759 1390 nigra
791 1334 958 1390 (nigrae
970 1335 1008 1389 P)
1059 1335 1201 1376 offerri
1231 1334 1398 1385 debent,
1443 1342 1487 1376 ut
1519 1334 1592 1391 (A.
1625 1335 1679 1385 V,
1713 1338 1834 1391 735):
1887 1337 1964 1377 huc
2014 1349 2026 1376 ἵ

135 1417 243 1450 casta
286 1409 436 1465 Sibylla
473 1409 699 1463 Niqrarum
740 1408 863 1450 multo
894 1408 1098 1464 pecudum
1137 1424 1177 1450 se
1215 1410 1407 1464 sanquine
1445 1410 1571 1450 clucet.
1640 1408 1778 1464 [Dicit
1814 1418 1965 1460 autem,

133 1482 377 1537 promittere
408 1496 451 1523 se
481 1480 642 1523 Libero
684 1481 794 1536 patri
833 1496 1006 1535 caprum
1043 1481 1185 1522 album
1224 1489 1264 1523 et
1300 1482 1443 1524 dulces
1485 1482 1630 1537 epulas
1670 1497 1718 1524 eo
1758 1483 1838 1533 die,
1885 1498 1966 1537 quo

130 1570 265 1610 paene
295 1555 570 1610 interemptus
602 1554 686 1596 ictu
717 1554 881 1596 arboris
912 1555 1001 1596 fuit.-
1079 1553 1222 1610 Caper
1253 1563 1392 1597 autem
1421 1555 1583 1598 Libero
1615 1556 1808 1606 dabat-ur,
1856 1557 1967 1611 quod

132 1628 285 1670 uinetis
316 1635 423 1670 esset
453 1627 707 1677 contrarius3
752 1627 864 1669 unde
904 1629 1015 1683 Verq.
1054 1627 1130 1683 (G.
1170 1628 1227 1679 II,
1267 1630 1386 1684 380):
1434 1630 1524 1672 Non
1562 1631 1685 1672 aliam
1722 1631 1767 1672 ob
1808 1631 1967 1686 culpam

133 1702 291 1743 Baccho
324 1716 443 1758 caper
470 1701 649 1743 omuibus
680 1702 763 1742 aris
795 1700 1029 1757 Caeditur..]

246 1777 284 1816 7.
309 1791 438 1832 prope
467 1777 497 1829 f.
555 1774 779 1815 Extinctus
811 1774 899 1816 siue
931 1775 1129 1830 sepultus.

247 1850 284 1889 9.
316 1849 378 1890 hic
409 1849 500 1889 dies.
577 1847 697 1889 Ordo
729 1854 807 1889 est:
855 1847 924 1888 hic
955 1848 1045 1889 dies
1075 1849 1203 1890 festus
1234 1849 1433 1891 redeunte
1466 1866 1575 1892 anno
1607 1850 1840 1892 dimouebit
1872 1865 1965 1891 cor-

133 1921 257 1963 ticem
289 1921 516 1976 amphorae
547 1921 793 1963 adstrictum
825 1920 919 1976 pice
950 1921 1163 1963 institutae
1195 1922 1341 1965 bibere
1371 1924 1530 1966 fumum
1562 1923 1732 1965 consule
1764 1923 1900 1965 Tullo.

247 2112 281 2150 2)
307 2111 459 2141 sermonis
484 2121 567 2141 omn.
596 2112 670 2141 libri
696 2116 727 2140 et
744 2120 826 2141 011111.
845 2111 909 2140 fere
927 2111 1019 2141 codd.
1038 2111 1114 2141 Hor.
1135 2116 1167 2141 et
1184 2112 1217 2141 M
1235 2113 1350 2150 Porph.
1369 2113 1523 2151 Perpauci
1543 2114 1648 2149 codd.,
1667 2117 1702 2142 ut
1720 2113 1814 2144 Beru.
1832 2113 1870 2142 A.
1891 2113 1961 2142 Par.

134 2167 173 2197 O.
205 2167 313 2197 Oxon.
331 2165 375 2196 M¹
394 2172 424 2197 et
442 2168 514 2197 edd.
535 2176 615 2196 saec.
633 2167 692 2196 XV
711 2167 813 2196 Princ.
832 2167 955 2196 Ferrar.
976 2172 1007 2197 et
1023 2168 1129 2197 Zarot.
1147 2169 1266 2198 habent
1285 2179 1452 2199 sermones.
1501 2171 1535 2209 3)
1556 2170 1659 2199 Verba
1675 2170 1708 2199 id
1724 2173 1767 2198 est
1783 2187 1823 2190 —
1842 2169 1960 2208 linquae

131 2228 256 2254 tantum
274 2225 446 2263 caespitem
463 2234 526 2254 non
543 2224 583 2253 ad
602 2223 757 2253 Ordinem
775 2224 950 2261 pertinent.
991 2224 1026 2262 4)
1045 2224 1176 2253 Marciis
1195 2226 1213 2254 b
1231 2225 1312 2263 (ter)
1331 2230 1365 2255 111
1383 2226 1478 2255 Bcrn.
1498 2226 1534 2255 C.
1577 2226 1611 2264 5)
1633 2227 1748 2264 cespite
1766 2235 1851 2255 omn.
1872 2225 1958 2254 libri.

133 2281 230 2310 semel
248 2281 277 2310 A
294 2281 318 2318 1,
340 2282 390 2319 19,
413 2282 461 2311 13.
487 2281 517 2310 2¹72
534 2291 594 2310 om.
611 2281 643 2317 1),
661 2284 696 2309 ut.
713 2280 804 2309 codd.
823 2279 899 2309 Hor.
918 2279 1073 2317 ABCER,
1101 2281 1195 2311 Bern.
1214 2281 1272 2311 ΚΟ
1291 2283 1332 2311 al.
1383 2282 1417 2320 6)
1446 2283 1591 2312 dicuntur
1617 2283 1664 2324 Αγ
1691 2283 1840 2320 (uterque
1866 2281 1957 2319 dfir).

132 2338 203 2367 rell.
230 2338 422 2368 dicebantur.
464 2338 560 2367 celebs
594 2357 633 2359 —
667 2336 829 2366 dicebatur
856 2338 885 2366 ἱ).
952 2337 985 2375 7)
1022 2347 1057 2367 eo
1084 2348 1144 2367 oni.
1171 2339 1200 2366 2.
1251 2356 1290 2358 m>
1340 2340 1542 2368 consortione
1571 2341 1598 2367 1.
1640 2339 1739 2368 marci
1764 2347 1908 2367 conserti.
1937 2338 1955 2365 h

133 2393 191 2433 20)
218 2396 293 2424 turis
317 2413 357 2415 —
383 2395 555 2424 turibulum
581 2395 674 2425 codd.
707 2396 769 2425 thu.
795 2396 861 2424 afh.
888 2394 1030 2423 thurrib.
1058 2395 1087 2423 2.
1130 2395 1329 2433 mysterialis
1364 2405 1387 2423 r.
1420 2395 1490 2424 rell.
1525 2394 1746 2424 ministerialis.
1788 2399 1957 2431 utrumque

132 2460 196 2481 11011
220 2452 368 2488 latinum,
395 2452 488 2489 posui
512 2452 722 2481 ministrantis
748 2453 769 2482 i.
795 2451 941 2481 libantis.
979 2450 1132 2479 dicebatur
1157 2460 1241 2479 011111.
1268 2451 1353 2480 libri.
1395 2452 1495 2481 tacite
1520 2461 1581 2481 om.
1608 2450 1645 2486 Q.
1699 2451 1753 2489 10)
1781 2451 1894 2488 patina
1918 2449 1959 2485 A,

135 2506 202 2542 CQ.
228 2508 295 2538 rell.
322 2508 462 2545 patinae.
503 2517 617 2537 acerra
641 2518 750 2538 acerra
774 2508 836 2537 dic.
860 2508 1095 2544 ministerialis,
1122 2508 1235 2545 patina
1262 2509 1384 2545 fictilis,
1412 2508 1588 2537 turibulum
1607 2507 1647 2537 C.
1674 2507 1783 2537 fatalis
1807 2517 1834 2549 γ.
1867 2511 1898 2535 ut
1917 2523 1956 2527 ψ-

133 2573 242 2593 acerra
266 2563 363 2606 A-s,C
390 2564 441 2603 (ut
468 2568 534 2601 est,
559 2569 587 2593 et
609 2566 681 2604 pL).
708 2566 776 2594 rell.
805 2575 866 2595 om.
904 2565 942 2593 ef.
967 2564 1040 2594 Acr.
1066 2564 1130 2601 III,
1159 2564 1210 2600 23,
1238 2566 1268 2593 3.
1306 2564 1399 2594 Corn.
1427 2565 1494 2593 sch.
1521 2564 1609 2593 Pers.
1636 2563 1684 2600 ΙΙ,
1712 2565 1729 2593 5
1771 2567 1801 2592 et
1827 2562 1963 2600 Papias:

134 2622 269 2656 ίαεεννα,
295 2630 369 2650 arca
392 2621 495 2658 turis,
529 2621 580 2650 uel
605 2622 797 2656 turibulum,
831 2622 883 2651 uel
909 2622 1090 2652 turariums
1132 2621 1232 2650 schol.
1259 2631 1319 2650 om.
1347 2622 1377 2650 b.
1420 2630 1542 2650 acerra.
1569 2621 1623 2649 ubi
1650 2623 1798 2649 seruatur
1823 2620 1899 2648 thus
1925 2620 1954 2648 2.

136 2676 192 2716 11)
217 2677 278 2707 11110
303 2677 458 2707 collocaui
484 2678 623 2715 glossam
650 2679 758 2708 istam.
800 2677 867 2707 Ab:
895 2677 978 2706 docte
1002 2677 1155 2706 sermonis.
1198 2676 1358 2715 Superiori
1390 2678 1450 2707 hoc
1483 2678 1591 2706 sensui
1623 2676 1860 2705 adnectendum
1900 2678 1960 2709 est,

133 2738 169 2763 ut
193 2734 246 2763 hic
271 2734 346 2763 ordo
373 2735 425 2769 sit,
451 2743 598 2763 mecenas
624 2735 717 2764 docte
742 2734 894 2764 sermonis
919 2735 1089 2773 utriusque
1114 2735 1246 2772 linguae
1272 2736 1291 2764 i.
1319 2745 1366 2773 gr.
1393 2738 1423 2763 et
1450 2735 1560 2763 latine.
1612 2734 1667 2771 12)
1694 2733 1775 2762 Vou.
1803 2733 1893 2761 dulce
1920 2732 1962 2767 A,

134 2791 168 2819 in
193 2790 271 2820 Hor.
299 2790 399 2819 dulcis
422 2795 458 2819 ut
484 2790 574 2832 E-(K.
615 2791 708 2821 modo
734 2809 774 2811 —
804 2791 863 2821 hoc
889 2801 949 2820 om.
977 2792 1016 2820 A.
1059 2792 1217 2820 rationem
1244 2790 1313 2825 GQ.
1355 2800 1483 2820 eausam
1508 2789 1562 2819 rC.
1598 2790 1668 2818 rell.
1697 2799 1756 2818 om.
1799 2789 1961 2818 rationem

134 2847 267 2876 reddere
292 2847 397 2876 alieno
424 2856 521 2876 sensu
546 2847 650 2876 Plaut.
676 2847 751 2877 Aul.
770 2847 795 2884 Ι,
818 2849 845 2876 1.
866 2848 895 2877 5.
922 2857 1050 2877 causam
1077 2847 1172 2877 Ouid.
1200 2847 1235 2876 F.
1255 2847 1279 2883 I,
1301 2848 1375 2878 278.
1402 2847 1549 2876 absolute
1576 2845 1643 2875 Cic.
1662 2846 1730 2875 Att.
1748 2845 1788 2883 II,
1809 2846 1839 2874 8.
1868 2845 1961 2874 Brut.

135 2904 189 2932 74.
222 2902 340 2932 Lucan.
366 2901 415 2939 II,
445 2904 518 2932 179.
576 2903 633 2941 13)
668 2912 692 2932 s.
718 2903 758 2932 A.
791 2903 860 2932 rell.
888 2913 948 2933 om.
990 2904 1045 2932 illo
1075 2903 1214 2932 dictionis
1246 2912 1279 2932 se
1310 2903 1388 2931 dicit
1416 2903 1455 2932 A.
1491 2907 1536 2932 est
1564 2912 1623 2931 om.
1649 2902 1687 2931 A.
1714 2901 1818 2931 Schol.
1843 2912 1903 2931 om.
1934 2903 1962 2930 1.

135 2959 258 2988 arboris
284 2958 416 2988 cadentis
441 2959 581 2996 periculo
607 2958 749 2988 liberatus
774 2958 810 2988 C.
862 2959 917 2997 14)
945 2959 1062 2989 Totum
1088 2960 1154 2988 sch.
1181 2958 1312 2997 Superis
1331 2976 1371 2979 —<
1392 2958 1551 2988 Caeditur
1576 2958 1690 2989 0m.A.
1714 2959 1857 2996 superius
1880 2960 1962 3000 γ1),ν.

138 3015 193 3054 15)
219 3015 282 3044 diis
309 3016 434 3053 superis
461 3015 533 3044 alba
558 3016 703 3052 uictima,
728 3015 944 3046 infernalibus
970 3025 1045 3045 uero
1071 3016 1159 3053 nigra
1183 3014 1296 3043 solebat
1320 3014 1427 3044 offerri
1448 3013 1483 3043 C.
1537 3015 1628 3044 debet
1653 3015 1712 3052 2,1.
1746 3015 1815 3043 rell.
1843 3015 1961 3043 debent.

136 3074 229 3099 111ὴ
248 3070 402 3100 Caeditur
427 3081 486 3101 om.
512 3073 561 3113 γ1).
602 3071 653 3100 11ῖο
680 3076 706 3100 te
730 3082 761 3101 v.
787 3071 837 3101 hic
868 3073 906 3101 Te
931 3082 961 3102 a.
993 3071 1061 3100 hic:
1095 3072 1165 3100 Tum
1190 3071 1236 3100 fh.
1271 3070 1327 3099 huc
1352 3074 1376 3100 te
1403 3075 1492 3099 casta
1518 3081 1541 3099 r.
1580 3071 1640 3100 huc
1667 3075 1768 3107 casta,
1796 3081 1854 3100 om.
1882 3075 1906 3099 te
1932 3074 1962 3098 et

136 3129 195 3155 tum
217 3126 244 3154 P.
269 3132 299 3156 et
323 3127 418 3165 Verg-
451 3127 489 3157 cf.
517 3128 606 3157 Seru.
632 3128 672 3157 A.
691 3128 753 3165 VI,
782 3130 854 3157 116.
906 3128 961 3167 16)
989 3128 1079 3157 Dicit
1099 3145 1139 3148 «Λ
1161 3126 1320 3156 Caeditur
1345 3137 1405 3156 om.
1424 3126 1642 3164 RlG,Crmva.
1695 3128 1750 3167 17)
1776 3127 1963 3165 promittere

134 3181 179 3210 fh.
205 3183 384 3219 promisisse
408 3183 444 3219 Q.
494 3184 551 3222 22)
580 3183 668 3214 Ordo
687 3202 727 3205 -—-
746 3185 841 3215 Tullo
866 3194 927 3215 om.
952 3183 990 3213 A.
1042 3184 1098 3222 23)
1123 3182 1262 3222 (cybrae.
1291 3184 1378 3213 uasis
1403 3184 1521 3213 uinarii
1547 3184 1591 3222 gl.
1617 3183 1661 3225 “sC
1690 3182 1841 3222 (amph.).

1992 983 2028 1012 10
