2283 3535
322 1011 363 1042 10

324 1376 364 1407 15

386 211 467 250 468
1025 218 1128 249 Aca.
1154 217 1213 248 ET
1240 216 1405 248 PORPH.
1432 215 1580 247 COMM.

501 345 566 384 67.
599 343 713 398 atqui
755 357 792 382 η.
839 342 875 382 Ιι.
955 341 1087 391 Dicit,
1134 355 1190 389 se,
1236 339 1335 380 dum
1366 337 1472 379 nihil
1502 337 1832 393 praetermiserit
1862 337 1914 378 de
1945 337 2010 387 iis,
2057 351 2164 391 quae
2194 352 2219 377 a

386 417 543 458 Medea
572 417 683 457 facta
714 422 821 464 sunt,
854 429 928 456 cur
958 414 1051 469 ipsa
1081 413 1187 454 nihil
1217 412 1418 461 obtineat,
1450 411 1664 451 admirari.
1877 465 1880 467 .

502 491 566 530 (59.
600 488 787 530 iudornu't
817 504 855 529 u.
895 503 927 529 o.
967 502 997 527 e.
1039 487 1113 528 obl.
1146 487 1333 541 pelicum.
1407 484 1472 525 Ita
1524 484 1629 524 nihil
1668 484 1810 525 ualere
1849 484 2056 525 actionem
2098 498 2216 525 suam

388 562 503 612 dicit,
534 573 578 603 ut
608 561 763 611 Varus,
815 560 1039 602 aduersum
1071 574 1195 614 quem
1227 557 1369 606 onmia
1399 556 1557 607 fecerit,
1591 557 1797 598 inmemor
1828 557 1891 598 sui
1921 556 2107 598 odoratis
2137 570 2212 611 pe-

388 635 515 677 licum
547 635 756 676 eubilibus
787 640 977 675 teneatur
1008 632 1185 688 quietus.

504 709 568 748 71.
600 711 648 750 A.
681 710 725 750 A.
759 708 875 749 solut.
909 707 1009 747 amb.
1070 704 1298 746 Actionem
1330 718 1447 744 suam
1479 702 1612 744 credit
1632 702 1803 744 inuenta
1825 703 2011 744 doctiore
2033 702 2222 743 uenefica

388 787 584 836 spretam.

503 854 566 894 73.
599 868 679 894 non
712 868 768 893 us.
808 852 908 892 Vere
935 859 1015 907 pot.
1093 849 1166 892 Ab
1199 849 1354 891 amoris
1386 849 1450 891 sui
1480 848 1662 892 uinculis
1691 847 1856 890 Varum
1894 849 1997 891 dicit
2031 848 2153 891 nouis
2184 855 2224 890 et

389 926 556 983 magnis
587 924 831 981 potionibus
862 923 1112 966 absolutum.

504 1000 569 1040 74.
601 1014 621 1040 o
652 999 781 1040 multa
809 999 1001 1054 fleturum
1035 1023 1090 1026 —
1127 997 1263 1040 Maius
1295 996 1464 1051 parabo.
1538 994 1777 1049 Tamquam
1816 995 2053 1046 aduersum,
2101 1010 2225 1051 quem

390 1072 570 1128 aggredi
599 1070 888 1112 uehementior
918 1070 1128 1124 disponat,
1175 1069 1232 1110 ita
1263 1077 1308 1109 ut
1338 1068 1543 1109 alienatus
1573 1075 1712 1109 mente
1748 1067 1955 1110 uoluntati
1991 1069 2080 1111 eius
2109 1069 2228 1111 uelut

390 1146 556 1188 nescius
586 1144 776 1200 rapiatur
809 1144 868 1200 [et
899 1142 1106 1198 obediat]
1131 1176 1134 1179 ⁴

505 1221 570 1260 76.
603 1219 781 1260 uocibus.
841 1215 1218 1259 Incantationibus.

506 1294 570 1334 78.
598 1293 681 1346 fast
706 1307 746 1348 p.
805 1290 867 1332 Ut
897 1290 1023 1331 etiam
1054 1289 1118 1331 uis
1149 1288 1289 1343 poculi
1321 1287 1579 1329 carminibus
1610 1288 1845 1328 adderetur.

507 1366 684 1406 79-83,
710 1366 878 1421 prz'uz'sq.
911 1379 942 1405 c.
975 1379 1004 1405 s.
1025 1365 1049 1404 i.
1072 1378 1121 1404 m.
1183 1360 1309 1411 Ante,
1342 1360 1490 1415 inquit,
1523 1360 1627 1416 ipsis
1659 1360 1877 1402 elementis
1907 1376 2047 1403 rerum
2078 1368 2228 1404 natura

392 1438 632 1488 mutabitur,
678 1453 805 1492 quain
835 1452 918 1478 non
950 1436 1007 1477 ita
1038 1435 1179 1478 Varus
1210 1449 1353 1476 amore
1384 1448 1477 1475 meo
1510 1434 1668 1484 ardeat,
1713 1441 1757 1475 ut
1789 1434 1879 1490 igni
1916 1434 2105 1477 bitumen
2150 1436 2228 1477 ad-

392 1511 587 1567 positum.

505 1586 570 1626 83.
603 1586 683 1625 iam
713 1599 794 1625 'non
826 1599 862 1624 u.
895 1599 931 1623 (1.
992 1582 1055 1624 Ut.
1086 1581 1152 1623 cui
1185 1581 1357 1622 adderet
1391 1580 1630 1635 desperatio
1662 1580 1912 1622 libertatem.

506 1658 689 1700 mollibus
719 1656 910 1706 Blandis,
946 1656 1009 1712 [ut
1041 1654 1114 1711 (A.
1145 1654 1230 1705 IX,
1263 1655 1385 1709 340):
1420 1655 1648 1710 manditque
1680 1656 1874 1712 trahitque
1905 1656 2026 1698 Molle
2050 1656 2208 1713 pecus]

511 1803 542 1842 l)
570 1803 610 1832 iis
638 1803 667 1832 2.
694 1802 757 1832 hiis
782 1812 807 1831 r.
835 1802 904 1830 rell.
930 1802 994 1830 his.
1046 1800 1081 1838 2)
1109 1800 1223 1829 timeat
1247 1798 1283 1828 R.
1311 1798 1384 1830 rell.
1408 1799 1531 1836 optinet,
1558 1803 1594 1828 ut
1618 1798 1659 1836 A,
1686 1803 1741 1828 aut
1767 1799 1896 1830 obtinet.
1922 1801 2064 1831 obtineat
2082 1799 2119 1836 Q.
2146 1800 2229 1830 conf.

392 1859 426 1888 C.
478 1859 513 1897 3)
542 1859 588 1888 nil
605 1858 645 1888 A.
664 1863 725 1888 act.
754 1869 801 1888 su.
829 1859 910 1887 dicit.
936 1858 1028 1894 A2‚r.
1056 1857 1123 1886 rell.
1143 1857 1203 1885 dic.
1223 1859 1285 1884 act.
1306 1864 1406 1884 suam.
1456 1855 1491 1892 4)
1520 1855 1656 1893 pelicum
1682 1860 1717 1885 ut
1742 1860 1824 1886 uett.
1851 1858 1945 1889 codd.
1973 1858 2042 1887 rell.
2069 1857 2228 1896 pellicum.

392 1915 543 1945 cubilibus
559 1915 627 1952 A,r.
648 1919 744 1944 recte.
764 1915 833 1943 rell.
852 1913 1011 1944 cubiculis.
1032 1913 1222 1943 Cubiculum
1240 1921 1305 1941 non
1324 1915 1374 1940 est
1392 1911 1507 1940 lectus.
1527 1911 1609 1941 conf.
1630 1912 1696 1942 Cic.
1715 1912 1803 1942 Verr.
1821 1913 1878 1950 III⁷
1898 1915 1955 1943 23:
1990 1915 2024 1943 in
2050 1914 2229 1944 cubiculum

394 1972 609 2002 introductus.
639 1970 738 2000 Cubile
762 1982 828 2001 uox
846 1971 975 2000 Horatii
1005 1971 1180 2000 sollemnis.
1198 1969 1270 1998 Vet.
1290 1968 1400 1998 Ambr.
1420 1973 1452 1997 et.
1475 1978 1508 2010 γε
1528 1969 1668 2007 pelicum.
1695 1971 1728 1999 in
1753 1970 1895 1999 cubilibus
1918 1972 2057 2009 pelicum
2089 1981 2229 2001 mearum

394 2038 507 2067 sopore
531 2032 660 2058 tenetur
685 2037 767 2066 quae
793 2027 904 2058 cubilia
930 2030 1027 2056 uncta
1053 2031 1128 2056 sunt
1146 2027 1312 2057 obliuione
1330 2026 1388 2055 hoc
1407 2029 1455 2054 est
1473 2029 1510 2054 ut
1527 2035 1576 2055 me
1594 2027 1816 2056 obliuiscatur.
1868 2026 1902 2066 6)
1928 2027 1966 2057 A.
1985 2027 2023 2057 A.
2042 2029 2165 2058 solutus
2190 2028 2230 2065 A,

393 2088 428 2114 ut
445 2085 478 2113 M
497 2084 657 2123 (Porph.).
706 2085 743 2114 In
769 2089 831 2113 vet.
857 2084 968 2113 Ambr.
996 2084 1189 2121 glossatoris
1217 2092 1329 2111 manus
1355 2082 1376 2110 h
1401 2082 1572 2119 adposuit:
1590 2081 1634 2111 Ah
1652 2081 1708 2118 Ab,
1736 2084 1769 2112 in
1786 2083 1879 2113 Bern.
1905 2084 1966 2113 KA
1985 2084 2032 2121 (et
2058 2085 2087 2123 r)
2113 2085 2232 2115 omissa

395 2146 443 2170 est
476 2142 660 2170 interiectio
685 2151 703 2170 a
730 2142 847 2177 scriba,
875 2141 929 2179 qui
963 2140 1166 2169 iterationem
1202 2139 1250 2167 lit.
1283 2148 1301 2167 a
1328 2148 1391 2167 non
1425 2139 1638 2168 intellexerit.
1673 2139 1712 2169 alz
1739 2139 1868 2179 (semel)
1894 2151 1954 2182 γ,1·.
1981 2141 2040 2170 alca
2065 2141 2106 2170 D.
2132 2142 2230 2179 uulgo

393 2197 433 2226 alc
457 2197 508 2234 alt,
534 2201 570 2227 ut
597 2198 623 2226 E
652 2198 752 2236 (rubr.
780 2198 820 2227 ad
846 2197 964 2235 marg.)
994 2196 1135 2239 BapHIP,
1166 2196 1271 2225 rarius
1302 2194 1350 2230 ha,
1378 2198 1412 2222 ut
1438 2193 1464 2222 R
1490 2199 1518 2223 et
1548 2194 1644 2224 Bern.
1673 2194 1697 2224 C
1726 2195 1867 2235 (semel).
1893 2197 2092 2234 frequentius
2117 2197 2157 2227 Ῐια
2181 2197 2230 2233 ka,

394 2259 430 2284 ut
455 2255 474 2283 b
501 2258 532 2284 et
557 2255 763 2284 recentiores.
798 2254 880 2283 conf.
916 2253 950 2282 C.
977 2254 1002 2290 I,
1031 2254 1085 2290 27,
1114 2254 1152 2281 18
1181 2256 1212 2281 et
1237 2261 1317 2289 quae
1352 2260 1447 2289 supra
1478 2251 1549 2279 dixi
1581 2252 1621 2280 ad
1648 2250 1683 2280 C.
1710 2252 1750 2289 ΙΙ,
1782 2253 1831 2289 17,
1859 2253 1887 2282 5.
1954 2254 1987 2292 7)
2012 2257 2144 2291 spretam
2168 2253 2229 2290 Re,

393 2320 513 2340 rmvca.
542 2315 694 2349 spuerata
720 2310 798 2350 (sic)
823 2310 862 2340 A.
891 2314 1054 2347 sumptum
1084 2311 1110 2338 1.
1138 2309 1289 2337 incassum
1321 2317 1383 2337 esse
1414 2307 1449 2336 fh
1476 2311 1505 2336 et
1535 2305 1658 2346 (G⁴?)Q,
1685 2309 1738 2347 qui
1765 2310 1865 2338 tacite
1890 2310 2032 2339 Fabricii
2058 2311 2228 2341 lectionem

395 2368 525 2405 recepit.
552 2368 697 2397 uenefica
722 2378 781 2397 om.
808 2369 839 2396 2.
891 2367 925 2405 8)
952 2377 1027 2397 nou.
1057 2369 1088 2395 et
1113 2365 1237 2404 magnis
1261 2365 1436 2401 AR2,rmv.
1464 2365 1558 2393 nouis
1584 2366 1709 2403 magnis
1736 2365 1760 2394 C
1788 2365 1956 2403 (infer-ius:
1985 2367 2071 2396 nouis
2096 2372 2123 2397 et
2153 2368 2232 2397 inso-

393 2423 453 2453 litls
478 2424 660 2462 maleficiis)
694 2427 725 2452 et
758 2424 894 2461 magicis
921 2420 1117 2461 cath(G⁴?).
1151 2426 1177 2451 et
1209 2423 1323 2451 saltem
1355 2422 1511 2450 absonum
1542 2425 1601 2450 est.
1627 2431 1659 2462 γι
1697 2432 1755 2451 non
1788 2422 1912 2452 usitati&
1946 2424 1965 2452 i.
1993 2424 2088 2453 nouis
2114 2425 2155 2453 ad
2179 2434 2229 2454 me

395 2481 579 2518 potionibus
606 2489 681 2509 uare
706 2481 827 2509 uenies.
880 2481 934 2519 10)
961 2480 1113 2509 Scholion
1140 2479 1223 2508 male
1255 2479 1422 2515 scriptum.
1450 2477 1625 2506 Aduersum
1652 2479 1673 2507 i.
1701 2488 1727 2507 e.
1755 2479 1903 2508 alienum.
1930 2497 1973 2500 —
1998 2481 2108 2519 egredi
2134 2481 2232 2510 uehe-

394 2537 533 2566 mentior
564 2537 646 2574 disp.
680 2547 704 2566 r.
740 2537 965 2566 uehementior
995 2536 1109 2574 agredi
1134 2536 1217 2572 disp.
1249 2535 1277 2563 2.
1301 2534 1369 2563 rell.
1397 2543 1487 2571 aggr.
1520 2535 1764 2564 uehementiora
1797 2536 1879 2573 disp.
1947 2538 2002 2575 11)
2029 2537 2150 2566 alienus
2174 2536 2233 2566 AR

396 2592 541 2632 (alienis)
571 2593 704 2629 12‚rmV.
732 2592 817 2622 conf.
844 2592 900 2629 IV,
931 2594 980 2630 13,
1009 2594 1061 2622 20.
1094 2581 1210 2622 (lliemts
1239 2596 1332 2621 mente
1363 2601 1424 2621 non
1451 2592 1630 2621 dicebatur.
1662 2593 1818 2622 alienatus
1843 2592 2042 2632 cath(G‘?).
2069 2595 2230 2625 uoluntati

396 2651 423 2679 A
450 2649 643 2688 (uoluntatis
667 2648 710 2688 R)
738 2650 889 2687 2‚rmvca.
923 2651 1082 2688 uoluptati
1117 2648 1308 2687 1‚th(G‘.³).
1362 2650 1417 2687 12)
1444 2648 1562 2677 inscius
1597 2649 1626 2677 2.
1654 2650 1725 2680 rell.
1760 2650 1897 2678 nescius.
1930 2650 2072 2689 rapiatur
2097 2661 2156 2681 om.
2184 2661 2231 2688 ca,

395 2708 449 2745 qui
476 2707 613 2736 habent:
641 2706 802 2735 alienatus
828 2710 935 2736 mente
960 2707 1120 2736 uoluntati
1147 2707 1214 2735 eius
1240 2706 1327 2734 uelut
1354 2706 1483 2735 nescius
1509 2705 1633 2735 obediat.
1660 2710 1688 2735 et
1710 2705 1827 2735 obediat
1847 2705 1923 2741 th.
1951 2707 2019 2736 rell.
2039 2717 2099 2737 om.
2125 2707 2229 2737 uolun-

395 2764 449 2792 tati
479 2764 620 2801 rapiatur
651 2762 735 2792 conf.
771 2762 867 2792 Ouid.
895 2763 936 2792 ΙΙ.
964 2763 1032 2800 XV,
1061 2764 1134 2792 206.
1170 2763 1301 2791 Lemma
1333 2762 1542 2799 ampliticaui.
1613 2762 1667 2800 13)
1695 2764 1711 2791 2
1747 2763 1839 2791 addit
1873 2763 2000 2800 glossae
2034 2765 2128 2793 haec:
2155 2765 2175 2794 i.
2204 2774 2229 2793 e.

395 2821 559 2850 maleficae
592 2829 715 2848 mursae
742 2829 803 2848 non
837 2820 1035 2857 superabunt
1064 2829 1122 2850 me.
1155 2829 1188 2861 γε
1216 2818 1461 2857 precautionibus
1495 2818 1566 2856 (sic.
1602 2818 1685 2849 conf.
1712 2819 1864 2849 cantiones
1891 2820 1958 2850 Cic.
1986 2821 2040 2852 Br.
2069 2822 2121 2851 60.
2149 2821 2229 2852 Cato

396 2877 432 2906 R.
460 2876 496 2905 R.
528 2877 604 2915 160)
631 2886 804 2905 marsorum
832 2878 905 2914 quia
939 2877 1026 2906 soliti
1060 2881 1132 2906 sunt
1165 2877 1262 2906 marsi
1295 2886 1415 2905 morsus
1442 2884 1551 2904 curare
1577 2877 1785 2913 serpentium.
1814 2876 1902 2906 Ordo
1928 2880 1994 2906 est:
2029 2886 2087 2907 nec
2112 2878 2227 2908 marsis

397 2933 528 2962 uocibus
561 2933 691 2961 redibit.
724 2934 783 2961 hnc
816 2938 862 2962 est
898 2933 1024 2962 desim<
1058 2943 1074 2961 a
1110 2943 1159 2962 me
1190 2942 1363 2971 numquam
1395 2936 1534 2961 mentem
1569 2933 1714 2971 recipies.
1749 2933 1830 2962 conf.
1858 2933 1892 2964 C.
1928 2943 1980 2962 nec
2005 2938 2113 2964 uocata
2136 2944 2227 2964 mens.

397 2988 542 3018 inuocata
567 2990 635 3018 siue
660 2994 810 3019 reuocata
835 3000 862 3031 γ.
890 2994 1042 3020 reuocata
1068 2990 1104 3020 C.
1132 2999 1212 3019 mens
1238 2994 1299 3021 (fua.
1332 2991 1371 3018 Et
1396 2993 1443 3018 est
1471 2999 1595 3019 sensus.
1622 2989 1717 3019 Mens
1750 2993 1803 3019 tua
1829 2991 1964 3028 magicis
1996 2991 2075 3019 meis
2100 2991 2229 3020 uocibus

399 3045 494 3073 semel
521 3049 651 3074 euocata
684 3056 856 3084 numquam
890 3047 1010 3075 redibit
1043 3047 1084 3075 ad
1117 3056 1228 3075 morem
1259 3056 1353 3075 meum
1387 3046 1576 3083 (sanitatem
1605 3046 1705 3084 Porph
1720 3047 1744 3085 ).
1779 3047 1875 3075 etiam
1902 3047 1928 3075 si
1954 3047 2070 3076 marsis
2095 3048 2229 3077 uocibus

398 3105 574 3130 reuocetur.
602 3101 699 3130 Marsi
735 3108 842 3132 :um-m
871 3112 978 3140 persae
1013 3102 1148 3141 ‹spei-iti?
1184 3104 1316 3141 I‘orph.)
1351 3104 1568 3131 incantatores
1602 3107 1687 3131 sunt.
1723 3104 1761 3131 de
1793 3104 1909 3141 quibus
1940 3103 2049 3141 uirgil.
2076 3103 2132 3142 (A.
2160 3103 2229 3136 VII.

401 3157 497 3195 7543:
526 3167 675 3195 spargere
702 3159 771 3195 quis
798 3172 814 3185 ‹›
840 3169 896 3188 nos
929 3160 966 3199 U·
994 3160 1047 3197 qui
1074 3160 1217 3197 somnos)
1244 3170 1270 3188 c.
1298 3169 1338 3187 m.
1374 3159 1495 3187 solebat
1516 3159 1577 3200 Βφ,
1649 3159 1701 3195 l-l)
1730 3159 1746 3187 2
1774 3159 1882 3188 addit:
1911 3159 1941 3187 id
1969 3163 2015 3188 est
2048 3160 2229 3198 negligenti

400 3223 448 3241 me
475 3218 502 3241 ‘si
532 3213 677 3250 poculum
705 3224 817 3243 meum.
872 3215 923 3244 15»
954 3216 1042 3244 elem.
1071 3215 1135 3254 ipsa
1162 3220 1226 3244 nat.
1256 3217 1283 3244 Q.
1339 3214 1392 3244 19)
1422 3214 1494 3244 Loc.
1516 3214 1612 3252 Vei-g.
1639 3225 1699 3244 om.
1726 3215 1816 3245 A‘2.1·.
