2283 3535
842 251 889 281 IN
915 250 1048 281 aron.
1076 251 1138 282 1x.
1823 241 1903 282 485

196 374 354 414 Punico.
415 372 634 426 Purpureo
668 372 825 428 [sago]⁹
858 379 928 412 aut
958 371 1106 426 patrio.

195 448 259 486 29.
291 446 366 486 ille.
426 445 622 486 Metellus
654 446 741 486 siue
776 444 1004 493 Antonius3
1036 445 1146 485 unde
1178 452 1215 485 et
1238 445 1435 487 Metellus
1459 445 1652 488 Creticus
1674 447 1808 488 dictus
1831 453 1904 489 est.

195 527 349 559 centnm
380 533 418 559 n.
456 518 614 559 Cretam.
646 519 733 559 urb.
794 517 852 559 Ut
877 516 950 571 (A.
972 517 1052 567 ΙΙΙ,
1078 519 1200 573 lom:
1239 518 1402 559 Centum
1434 520 1552 560 urbes
1584 520 1761 561 habitan(
1792 535 1904 575 may-

82 607 156 633 mts
190 592 390 633 uberrima
423 606 558 646 reflua.

194 666 260 705 30.
292 666 418 705 uentis
446 666 578 704 *iturus
609 679 688 704 non
719 665 814 704 sues.
873 662 967 704 Non
1000 663 1226 717 prosperis,
1258 679 1340 705 non
1372 664 1536 719 optatis.
1955 675 1973 703 5

194 739 259 778 31.
292 739 534 778 exercitatas
567 752 602 777 (ι.
628 752 670 792 p.
705 738 839 791 Syre'cs
868 752 906 777 n.
979 735 1075 777 Non
1105 745 1196 778 noto
1221 739 1333 793 petit,
1366 737 1438 778 sed
1469 746 1558 779 ι11010
1597 739 1838 779 exercitatas
1866 738 1905 778 h.

82 826 116 852 e.
149 818 271 852 uento
304 816 605 865 tempestuosas
636 816 674 850 et
705 810 992 864 naufragosas.

194 885 259 925 32.
290 892 358 924 au!
387 884 522 937 fertur
555 884 577 922 ι’.
612 898 659 923 m.
720 882 805 923 Pro
838 884 917 939 ipsc
946 884 1124 923 incertus
1158 881 1217 938 [et
1248 882 1414 938 iturus],
1452 898 1533 937 quo
1557 898 1676 925 casus
1698 884 1906 934 adtulerit,

84 956 146 1013 [ut
177 954 250 1011 (A.
282 955 359 1005 VI,
393 957 513 1011 268):
547 957 656 997 ibunt
687 956 848 997 obscuri
875 956 960 997 sola
992 956 1064 996 sub
1096 964 1206 996 noete
1230 970 1307 1011 per
1337 956 1555 1012 unffiram]

194 1029 260 1070 33.
294 1031 517 1085 capaciores
549 1045 585 1070 (ι.
617 1030 652 1069 11.
678 1045 720 1085 J).
753 1029 885 1084 scyplc.
945 1028 1028 1069 Pro
1060 1028 1217 1069 laetitia.
1251 1029 1443 1070 maiores.
1937 1038 1976 1070 10

194 1103 259 1143 34.
298 1103 394 1143 Chia
427 1118 463 1143 u.
496 1110 566 1143 aut
600 1103 708 1143 Lesb.
770 1101 930 1143 insulae
961 1101 1049 1142 uini
1081 1101 1180 1143 boni
1211 1102 1380 1143 fertiles.

194 1177 260 1217 35.
289 1177 486 1231 fluentem.
546 1175 839 1225 Inminentem,
872 1181 942 1215 aut
973 1175 1112 1230 (proz)
1146 1182 1245 1229 potu
1276 1175 1406 1216 nimio
1438 1175 1724 1230 profluentem.

194 1250 372 1290 36--38,
405 1251 539 1290 metire
572 1264 767 1290 ncmseam
803 1249 1019 1289 coherceat.
1079 1247 1200 1302 Inple
1232 1248 1387 1290 bonum
1418 1248 1576 1298 uinum,
1614 1249 1725 1303 quod
1755 1249 1907 1290 aduer-

84 1338 173 1364 sum
204 1336 403 1364 nauseam
434 1323 576 1378 prosit.

195 1397 260 1437 37.
294 1412 446 1438 curam.
506 1396 557 1437 Id
602 1403 675 1446 est,
722 1393 1046 1437 sollicitudinem
1091 1400 1131 1434 et
1175 1400 1329 1434 metum
1376 1394 1427 1435 de
1475 1394 1665 1435 absentia
1714 1392 1910 1436 Caesaris
1937 1403 1977 1434 15

82 1469 319 1511 uenientem
351 1469 489 1523 sopire
520 1470 647 1510 iuuat.

195 1543 259 1584 38.
294 1543 403 1584 dulci
435 1543 503 1598 Ly.
535 1543 635 1583 solu.
696 1540 874 1590 Pellere,
920 1547 965 1580 ut
995 1538 1066 1595 (C.
1088 1539 1122 1589 Ι,
1156 1541 1193 1589 7,
1226 1540 1316 1593 31):
1349 1554 1458 1582 nunc
1488 1542 1582 1582 uino
1609 1542 1740 1596 pellite
1773 1556 1907 1583 curas,

83 1664 144 1694 oda
169 1663 348 1701 significari
375 1663 466 1693 solet.
516 1663 611 1692 Nulla
639 1662 807 1700 inscriptio
834 1662 879 1691 ibi
904 1669 1006 1699 neque
1032 1661 1126 1690 metri
1152 1661 1268 1690 notitia
1293 1664 1350 1690 est.
1400 1661 1437 1689 In
1468 1660 1495 1689 A
1529 1661 1600 1690 Acr.
1634 1662 1663 1691 h.
1698 1663 1717 1691 l.
1750 1665 1843 1691 extat
1868 1662 1901 1691 in

84 1721 229 1758 scriptio:
256 1719 304 1748 Ad
327 1729 481 1749 caesarem
505 1719 637 1748 devictus
661 1718 808 1747 cmtonius.
842 1736 873 1739 —
901 1717 938 1746 Id
965 1721 1012 1747 est
1039 1720 1105 1746 ant.
1132 1716 1226 1759 ΑΒφ.

201 1778 232 1816 1)
250 1777 372 1815 punico.
399 1787 424 1806 s.
451 1786 527 1814 sago
553 1776 616 1819 Βφ.
643 1785 720 1813 sago
746 1786 805 1804 om.
832 1774 1020 1816 -sRlG‚r1nv.
1059 1775 1160 1812 patrio
1186 1783 1265 1802 omn.
1305 1774 1387 1803 libri.
1414 1778 1510 1803 recte.
1539 1773 1565 1809 Q
1592 1775 1690 1803 tacite
1727 1775 1789 1803 inc.
1822 1774 1914 1812 pario

84 1843 126 1863 ex
153 1833 190 1869 C,
217 1834 268 1871 qui
293 1833 407 1863 habet:
435 1834 467 1862 id
495 1836 551 1870 est,
585 1833 732 1870 deposito
758 1832 902 1869 puniceo,
940 1832 998 1860 hoc
1024 1835 1083 1868 est,
1121 1831 1345 1869 hyacinthino,
1382 1834 1437 1860 aut
1462 1830 1566 1868 Pario,
1605 1831 1792 1861 coccineoue
1819 1840 1910 1869 sag03

85 1891 232 1929 lugubre,
260 1891 291 1919 id
318 1894 364 1919 est
392 1890 532 1918 luridum
558 1893 589 1918 et.
615 1889 753 1926 nigrum⁷
784 1889 936 1926 luctuque
963 1892 993 1917 et
1019 1887 1096 1925 fuga
1121 1887 1254 1924 dignum
1282 1888 1427 1924 sumpsit.
1463 1887 1595 1916 Romani
1629 1887 1705 1916 enim
1739 1887 1846 1917 milites
1880 1888 1912 1917 in

85 1946 191 1976 bellum
215 1950 312 1975 cuntes
337 1945 481 1975 coccineis
498 1945 578 1984 sasst's
595 1944 760 1981 utebantur,
787 1948 822 1974 ut
848 1954 887 1973 ne
905 1944 975 1981 quis
1002 1944 1200 1978 uulneratus,
1228 1953 1402 1981 cruoreque
1428 1954 1483 1972 suo
1508 1945 1669 1981 respersus
1688 1947 1838 1973 terrorem
1864 1945 1911 1973 in-

89 2007 211 2032 cuteret
236 2003 339 2040 sociis7
365 2012 436 2032 nam
463 2002 630 2032 coccineus
657 2002 741 2030 color
766 2001 869 2030 cruori
896 2000 1010 2029 similis
1037 2003 1092 2028 est.
1140 1999 1253 2037 Itaque
1278 2000 1352 2029 dum
1378 2000 1538 2028 Antonius
1562 1998 1696 2037 fugeret,
1730 2009 1769 2028 ne
1794 2009 1911 2037 agnos-

87 2063 220 2095 ceretur,
248 2059 396 2097 deposuit
421 2059 612 2096 coccineam,
640 2061 671 2087 et
696 2058 820 2095 nigram
848 2057 1050 2095 chlamydem
1075 2056 1208 2085 indutus
1235 2060 1291 2085 est.
1316 2065 1351 2097 γε
1389 2056 1521 2085 nudauit.
1549 2056 1693 2093 deposita
1720 2059 1809 2085 ueste
1835 2065 1910 2085 can-

87 2115 211 2145 didiore
236 2115 368 2144 indutus
395 2119 442 2144 est
470 2120 503 2144 ut
528 2115 643 2143 meruit
666 2118 756 2143 ueste
783 2113 905 2142 seruili.
932 2111 1020 2151 3090]
1060 2116 1155 2141 antea
1180 2113 1264 2141 enim
1291 2122 1367 2150 sago
1391 2113 1485 2141 rubro
1510 2113 1682 2141 utebantur
1706 2113 1912 2150 imperatores

91 2180 155 2201 non
182 2180 350 2209 purpureo.
400 2170 521 2199 Sensus
546 2171 598 2199 hic
625 2174 682 2199 est.
710 2170 858 2207 deposita
890 2169 1005 2206 punico
1037 2178 1113 2206 sago
1146 2168 1285 2198 luridum
1317 2169 1452 2206 sumpsit
1483 2177 1508 2209 γ.
1574 2169 1607 2206 2)
1632 2173 1683 2197 (cut
1707 2173 1774 2198 ant.
1800 2179 1827 2210 γ.
1878 2171 1912 2208 3)

87 2228 182 2257 urbes
218 2227 338 2255 habitat
373 2226 408 2255 Α.
473 2227 507 2264 4)
535 2228 586 2255 ub.
613 2236 713 2264 regna
738 2236 798 2255 om.
826 2226 856 2261 2,
881 2225 927 2254 fh.
992 2226 1025 2263 5)
1053 2225 1124 2253 Non
1149 2234 1256 2263 prosp.
1284 2235 1346 2254 non
1373 2225 1490 2262 optatis
1515 2224 1719 2261 R21‚r1nvca.
1747 2226 1816 2254 rell.
1843 2226 1914 2255 Non

88 2287 153 2321 opt.
182 2294 212 2312 n.
238 2284 413 2321 prosperis
439 2293 502 2312 non
527 2283 599 2312 suis.
626 2293 689 2312 non
716 2283 877 2320 prosperis
902 2291 930 2323 γ.
995 2283 1028 2319 7)
1056 2280 1259 2320 naufragosas
1288 2281 1429 2317 AR21,1·.
1448 2281 1516 2309 rell.
1535 2280 1716 2320 nauh-assas.
1745 2291 1818 2319 sepe
1844 2282 1913 2319 agi-

87 2344 174 2369 tatas
198 2340 308 2369 Ambr.
335 2343 366 2368 et
391 2349 406 2380 1
432 2340 484 2377 qui
512 2340 619 2368 addit:
646 2340 833 2368 concitatas
860 2337 900 2367 C:
928 2342 1120 2375 tempestate
1146 2341 1329 2366 commotas.
1380 2336 1413 2375 8)
1439 2337 1580 2366 (aufertur
1596 2337 1641 2367 fh.
1669 2338 1728 2366 inc.
1749 2341 1777 2366 et
1797 2337 1914 2366 luridus

89 2396 193 2433 A‚mv.
222 2397 282 2425 inc.
311 2406 370 2434 quo
394 2395 504 2432 Ram.
533 2397 594 2425 inc.
621 2400 647 2424 et
670 2395 767 2424 iturus
791 2394 906 2429 eath.
934 2392 948 2436 11
973 2394 1029 2423 inc.
1055 2393 1146 2424 mari.
1172 2403 1227 2431 pro
1253 2394 1319 2431 ipse
1346 2394 1484 2423 incertus
1502 2393 1566 2436 Βφ.
1595 2390 1609 2434 11
1658 2392 1691 2431 ss)
1719 2393 1791 2423 Loc.
1817 2394 1912 2432 Verg.

91 2463 150 2483 om.
176 2452 237 2481 A2.
264 2456 353 2482 nocte
381 2461 436 2489 per
459 2451 571 2481 urbem.
599 2452 693 2490 quale
718 2461 773 2489 per
799 2452 954 2480 incertam
980 2451 1081 2480 lunam
1107 2454 1138 2479 et
1163 2453 1221 2478 cet.
1248 2449 1284 2477 R.
1311 2450 1392 2479 conf.
1426 2450 1465 2478 ad
1497 2449 1532 2479 C.
1565 2450 1588 2485 Ι,
1625 2450 1675 2486 28,
1712 2451 1761 2478 14.
1792 2450 1912 2479 incerto.

89 2509 242 2548 ypallage
268 2518 330 2538 11011
356 2508 469 2537 incerto
493 2507 575 2537 mari
599 2508 655 2537 sed
681 2510 748 2545 ipse
774 2508 924 2544 incertus,
951 2507 1006 2536 huc
1025 2516 1113 2545 puer.
1141 2505 1271 2535 anafora
1297 2506 1336 2534 ad
1362 2506 1465 2543 ipsum
1490 2505 1588 2535 refert
1617 2507 1669 2543 qui
1688 2507 1829 2535 incertus
1848 2510 1915 2535 erat

90 2565 228 2595 concilii.
253 2564 373 2594 incerto.
400 2567 454 2592 aut
481 2565 554 2602 quia
579 2573 643 2593 non
671 2568 715 2592 est
743 2567 848 2593 certus
874 2564 929 2592 ille
955 2564 1006 2601 qni
1036 2563 1169 2600 nauigat
1200 2567 1254 2591 aut
1287 2563 1360 2599 quia
1393 2562 1548 2591 mutabile
1582 2566 1631 2591 est
1661 2562 1853 2591 elementum
1885 2571 1912 2602 γ,

93 2622 148 2661 10)
173 2621 289 2659 syphos
315 2620 344 2649 A
370 2620 456 2656 Acin,
486 2620 608 2657 sciphos
634 2619 712 2649 Hor.
779 2620 832 2658 11)
859 2620 926 2648 chia
951 2619 1032 2648 uina.
1059 2623 1113 2648 aut
1137 2619 1257 2648 lesbiae
1282 2619 1385 2647 insule
1411 2628 1442 2648 u.
1468 2619 1498 2647 b.
1532 2617 1644 2647 fertilis
1674 2618 1713 2647 A.
1748 2618 1818 2646 rell.
1853 2627 1913 2647 om.

89 2677 163 2706 inm.
188 2677 226 2705 A.
278 2676 332 2715 12)
353 2685 415 2714 pro
440 2680 517 2714 potu
541 2677 640 2705 nimio
658 2676 710 2704 flu.
728 2675 870 2711 R1‚r1nv.
885 2685 964 2713 prae
982 2686 1010 2713 p.
1030 2684 1060 2704 n.
1076 2675 1208 2712 flentem
1233 2684 1278 2703 ca.
1305 2678 1381 2712 potu
1406 2675 1480 2703 nim.
1502 2674 1616 2712 prostat.
1635 2673 1915 2709 A‚ss1Q.⁷zauseam

92 2735 112 2763 i.
139 2733 254 2771 flegma
278 2733 341 2775 Βφ.
368 2733 470 2761 fluens
496 2732 646 2770 phlegma
672 2736 731 2761 etc.
759 2731 793 2761 C.
810 2732 963 2769 fluentem.
990 2732 1066 2769 quia
1090 2740 1132 2759 ex
1150 2740 1268 2760 nausea
1294 2731 1362 2759 fluit
1387 2731 1507 2759 multus
1532 2731 1655 2759 humor.
1680 2730 1815 2765 fluentem
1838 2739 1915 2758 nazc-

90 2799 170 2819 seam
194 2789 361 2819 fastidium
388 2788 616 2825 intelligamus.
632 2787 775 2825 fluentem
805 2792 912 2817 autem
937 2788 1024 2816 dixit
1050 2787 1200 2825 quoniam
1226 2787 1279 2824 qui
1305 2787 1425 2823 patitur
1452 2787 1587 2815 multum
1613 2786 1702 2823 spuit
1727 2786 1772 2814 ita
1798 2789 1831 2814 ut
1856 2785 1915 2814 flu-

92 2855 142 2875 ere
166 2845 325 2874 uideatur.
377 2844 432 2882 13)
458 2845 601 2873 nausiam
628 2844 654 2872 A
678 2845 728 2873 bis
754 2848 789 2872 ut
815 2844 840 2872 E
877 2844 912 2882 (2
946 2854 987 2873 111.
1022 2853 1100 2872 corr.
1132 2843 1173 2881 c).
1207 2842 1369 2872 coherceat
1401 2842 1509 2871 AERb
1542 2842 1637 2870 Bern.
1671 2841 1767 2870 ABC.
1801 2842 1913 2871 Ambr.

92 2902 184 2930 Fran.
212 2905 243 2930 et
268 2900 316 2940 (S.
343 2901 369 2937 Ι,
398 2901 425 2937 3,
456 2901 533 2938 134)
570 2900 611 2928 K.
637 2900 748 2929 metire.
774 2899 882 2936 profer
906 2904 940 2929 ut
965 2899 1043 2938 quod
1067 2898 1168 2928 dicant
1185 2898 1286 2937 plebel
1308 2908 1458 2927 mensura
1483 2907 1509 2939 γ.
1540 2899 1647 2934 misce,
1673 2897 1787 2935 profer,
1824 2897 1914 2926 hauri

94 2967 135 2987 ex
160 2961 292 2994 cratere,
320 2961 348 2985 et
375 2956 453 2995 quod
474 2956 560 2995 vulyo
583 2955 701 2992 dicitur,
727 2965 875 2985 mensura
901 2955 936 2985 C.
962 2955 1054 2984 iuuat.
1081 2956 1175 2984 quat
1200 2956 1306 2992 inquitv
1331 2954 1579 2983 sollicitudinem
1603 2963 1664 2983 uno
1691 2955 1727 2992 (l.
1747 2953 1838 2991 uino)
1865 2963 1914 2982 re-

94 3015 206 3043 laxare
232 3023 325 3051 quam
352 3014 389 3042 de
413 3013 508 3042 rebus
534 3013 673 3042 caesaris
698 3013 882 3049 gerebamus
907 3022 933 3053 γ.
959 3011 1038 3040 conf.
1066 3010 1089 3040 C
1117 3010 1175 3050 (--—
1201 3011 1277 3039 uino
1304 3011 1424 3048 optimo
1451 3010 1521 3048 w).
1548 3009 1660 3038 metire.
1699 3018 1847 3038 mensura
1872 3010 1913 3047 gl.

94 3069 145 3112 Βφ
170 3075 201 3098 et
225 3070 388 3099 scholion:
415 3068 509 3098 Ciato
535 3069 718 3097 auriebatur
743 3069 855 3097 uinum
883 3078 923 3097 ex
949 3073 1070 3097 cratere
1095 3076 1132 3095 ac
1154 3076 1209 3104 per
1234 3067 1291 3095 hoc
1316 3067 1395 3095 dicit
1420 3066 1530 3094 metit-e.
1560 3083 1600 3086 fl
1637 3065 1761 3104 infimci'e
1788 3067 1816 3094 2.
1844 3066 1912 3094 rell.

96 3125 202 3163 imple.
241 3143 283 3146 —
324 3126 438 3155 bonum
466 3126 578 3154 uinum
603 3124 642 3162 A,
668 3135 693 3154 r.
719 3125 788 3153 rell.
814 3125 881 3154 uin.
908 3125 957 3153 bo.
1024 3124 1079 3162 15)
1107 3132 1221 3152 curam.
1249 3132 1328 3160 quae
1354 3121 1431 3160 (duo
1457 3121 1488 3162 γ)
1515 3126 1589 3151 ante
1616 3125 1763 3150 euentum
1789 3130 1914 3158 pugnae

99 3181 239 3211 sustinui
264 3180 318 3222 “C.
355 3199 398 3202 —
434 3182 535 3211 deom.
563 3182 592 3209 2.
644 3180 699 3218 16)
727 3180 828 3218 sopiri
850 3180 941 3218 A1‚r.
966 3180 1081 3209 soluere
1105 3183 1131 3208 et
1155 3178 1255 3217 sopiri
1279 3179 1308 3207 2.
1334 3179 1398 3208 ebr.
1425 3177 1534 3216 sopori
1556 3178 1592 3208 R.
1652 3178 1705 3217 17)
1731 3177 1853 3206 Pellere
1879 3180 1914 3205 ut

96 3246 180 3267 nune
204 3247 265 3267 om.
290 3236 335 3267 A:
361 3241 387 3266 et
410 3248 440 3267 11.
466 3248 494 3275 p.
521 3247 638 3267 euram.
664 3237 784 3274 pellere
809 3246 870 3267 om.
898 3238 928 3266 2.
