2170 3460
811 172 859 204 IN
885 172 1028 204 effluxi.
1056 174 1098 210 n,
1130 177 1179 205 uz.
1209 176 1256 205 ιτ.
1859 165 1936 204 221

232 297 296 336 27.
327 295 428 337 ηίΙιιἸ
456 303 512 336 es!
543 296 604 336 ab.
635 310 668 335 0.
694 310 736 350 p.
769 296 802 335 Ι).
875 294 1151 336 Extrinsecus
1182 296 1246 336 hie
1277 295 1529 336 audiendum
1574 297 1693 353 [est]:
1742 304 1941 352 quatenus

120 383 363 412 eoncessum
394 367 635 408 hominibus
666 382 749 407 non
780 373 853 417 est,
887 375 929 408 ut
962 382 1036 421 per
1067 368 1208 409 omnia
1237 368 1347 408 beati
1380 368 1472 408 sint.

232 443 296 482 29.
332 441 492 483 abstulit
523 456 555 481 c.
589 456 621 481 e.
654 455 702 481 m.
726 442 768 480 A.
802 440 826 480 l.
854 442 896 481 T.
958 438 1169 488 Ostendit,
1203 441 1486 481 diuersitatem
1507 456 1645 482 rerum
1667 443 1942 484 humanarum

119 516 200 556 duo
230 514 338 555 inter
367 528 410 555 se
442 512 648 555 contraria
680 512 867 567 posuisse
901 513 1069 553 breuem
1104 513 1300 570 [seilicet]
1333 513 1513 555 Achillis
1544 515 1673 555 uitam
1706 522 1742 556 et
1764 516 1934 557 Tithoni

118 602 249 643 usque
281 588 333 629 ad
363 587 552 629 ultimam
584 591 837 627 senectutem
870 594 1118 641 porrectam.

232 663 298 703 33.
336 662 385 703 Te
414 676 475 716 qr.
508 675 538 701 c.
563 661 601 701 S.
625 675 656 700 c.
677 674 726 699 m.
759 674 796 699 η.
855 658 959 708 Alii,
993 660 1139 713 inquit,
1172 660 1341 701 diuitias
1362 660 1590 702 insatiabili
1612 661 1751 701 animo
1774 661 1945 715 eupiunt,

121 742 161 777 at
193 736 338 792 (egoP)
369 734 470 775 mihi
494 739 781 788 paupertatem
814 747 906 774 eum
940 733 1068 774 animi
1100 734 1306 787 aequitate
1327 734 1477 790 [opto]
1515 748 1590 789 per
1621 735 1731 789 quod
1752 735 1944 784 ostendit,

119 809 179 851 sie
200 809 371 865 ingenia
402 808 569 849 diuersa
599 807 845 862 plerumque
875 820 964 847 esse
995 806 1247 855 hominibus.
1279 816 1321 848 ut
1352 809 1551 849 fortunas.

231 884 296 932 35,
331 891 364 923 le
394 883 451 923 his
481 897 514 922 (ι.
545 897 595 921 m.
628 890 652 921 l.
686 896 721 922 u.
753 882 776 921 l.
823 880 967 933 Afrum
998 880 1200 921 muricem
1226 895 1301 934 pro
1323 880 1454 934 Tyrio
1475 882 1593 931 dixit,
1626 881 1820 922 uidelicet
1843 882 1941 935 quia

119 956 239 1011 Tyrii
270 956 312 996 in
344 953 535 996 Africam
574 954 847 1004 transierunt,
894 954 964 1008 qui
1004 952 1307 1009 Carthaginem
1346 954 1641 1003 condiderunt3
1689 956 1745 996 bis
1785 957 1946 997 [melam

123 1036 261 1071 autem
292 1030 431 1070 lanam
465 1028 636 1084 δίβαφον
670 1043 899 1083 purpuram
931 1028 1046 1077 dieit,
1080 1043 1205 1082 quam
1237 1028 1390 1069 seimus
1423 1042 1511 1068 esse
1542 1028 1846 1083 pretiosiorem.

234 1104 298 1144 38.
332 1111 367 1144 et
396 1118 451 1158 sp.
480 1117 541 1157 φ’.
574 1111 598 1143 Ι.
630 1117 660 1142 (·.
691 1117 729 1143 η.
759 1103 947 1142 mendax.
1006 1100 1130 1141 Dixit
1160 1101 1352 1156 spiritum
1385 1110 1548 1151 lennem,
1580 1102 1624 1142 id
1646 1110 1718 1152 est,
1751 1101 1945 1143 subtilem

120 1177 289 1232 accipe3
338 1191 518 1217 camenae
553 1177 703 1217 Graiae
734 1182 872 1216 autem
903 1175 997 1216 ideo
1029 1175 1155 1224 dixit,
1195 1175 1307 1229 quod
1343 1175 1447 1216 haee
1487 1175 1674 1216 earmina
1715 1176 1767 1216 ad
1808 1175 1945 1217 imita-

119 1250 274 1292 tionem
307 1249 567 1292 Graecorum
600 1249 768 1291 scribat.
830 1250 982 1289 Graiae
1013 1248 1225 1303 genitiuus
1256 1248 1481 1304 singularis
1512 1256 1585 1290 est.

765 1402 1083 1457 CARMEN
1124 1403 1196 1470 11,
1238 1407 1311 1456 17.

940 1513 1126 1556 ACRON.

238 1618 320 1660 Cur
352 1634 410 1659 me
440 1618 606 1673 querelis
639 1634 667 1658 e.
701 1626 724 1658 t.
784 1615 1077 1657 Maecenatem
1118 1630 1293 1670 aegrum
1333 1615 1447 1655 uelut
1478 1615 1675 1656 adsidens
1708 1615 1948 1669 adloquitur

120 1700 363 1747 querentem
394 1691 446 1732 de
477 1690 664 1746 perieulo
697 1705 769 1731 suo
801 1696 839 1730 et
871 1704 948 1744 pro
981 1688 1195 1743 praesenti
1233 1695 1340 1729 statu
1380 1695 1593 1744 optantem
1624 1695 1800 1730 mortem
1811 1705 1820 1737 3
1872 1704 1948 1743 pro
1976 1705 1981 1712 ·

122 1766 239 1807 euius
271 1766 423 1806 affeetu
452 1764 519 1805 uel
551 1778 692 1805 amore
724 1763 838 1813 dieit,
872 1778 914 1804 se
946 1763 983 1803 ei
1014 1762 1125 1803 nolle
1158 1777 1247 1803 esse
1279 1763 1557 1816 superstitem,
1591 1762 1663 1803 sed
1695 1762 1813 1817 quasi
1847 1777 1948 1816 quo-

121 1839 218 1880 dam
256 1845 517 1880 saeramento
561 1838 805 1878 deuinctum
845 1837 1089 1878 sociandum
1121 1842 1275 1886 morte,
1316 1836 1381 1876 eui
1418 1835 1543 1876 fuerit
1573 1836 1660 1876 uita
1691 1836 1948 1877 eoniunetus.

122 1911 242 1954 Ordo
274 1920 360 1954 est:
412 1912 663 1961 Maeeenas,
706 1911 869 1966 grande
901 1910 1028 1950 deeus
1059 1916 1101 1949 et
1131 1909 1323 1950 eolumen
1354 1923 1541 1949 mearum
1572 1923 1731 1959 rerum,
1771 1924 1844 1950 eur
1883 1924 1948 1949 me

121 1986 336 2027 exanimas
366 1985 447 2026 tuis
479 1985 674 2039 querelis,
706 1999 784 2025 nee
815 1984 877 2023 dis
909 1998 985 2024 nee
1016 1983 1119 2023 mihi
1151 1983 1332 2023 amieum
1366 1989 1440 2031 est,
1473 1989 1512 2022 te
1544 1982 1661 2036 prius
1693 1982 1822 2023 obire.

235 2062 272 2101 2.
306 2061 477 2100 (ιήιῖοηήι
508 2067 572 2099 est.
634 2056 815 2099 Gratum
846 2057 934 2097 siue
966 2056 1232 2097 conueniens.

236 2135 273 2175 5.
306 2149 342 2173 a.
378 2134 602 2174 Interiecle'o
635 2133 814 2173 dolentis.
868 2133 904 2172 T
903 2147 921 2171 e
951 2146 1059 2171 meae
1091 2131 1128 2170 εἰ
1147 2138 1309 2185 perlem
1340 2131 1507 2171 (mimae.
1566 2128 1663 2170 Hoe
1694 2143 1830 2178 sensu,
1864 2144 1944 2183 quo

238 2216 270 2254 1)
299 2220 347 2245 est.
373 2225 432 2245 om.
457 2214 550 2243 MR2.
601 2215 635 2253 2)
660 2213 835 2243 hominibus
859 2212 1053 2245 MAR2.1·va.
1088 2212 1230 2241 omnibus
1257 2211 1330 2247 th.
1357 2211 1521 2240 hominihus
1545 2215 1641 2240 reete.
1670 2220 1743 2239 nain
1767 2212 1854 2240 beati
1881 2212 1950 2248 qui-

124 2275 196 2304 dem
222 2278 310 2311 sunt,
335 2274 479 2302 sednon
504 2274 542 2301 ab
575 2273 660 2302 omni
694 2275 794 2309 parte.
856 2272 891 2310 4)
923 2271 1047 2299 scilieet
1080 2269 1176 2305 ath.
1212 2269 1282 2298 rell.
1317 2278 1376 2297 om.
1441 2268 1476 2306 6)
1511 2268 1645 2297 diuitias
1676 2267 1778 2296 dieunt
1807 2268 1865 2296 ins.
1900 2277 1949 2296 an.

123 2331 248 2360 oderunt
271 2330 314 2359 M.
353 2331 409 2359 alii
435 2331 541 2367 inquit.
567 2330 633 2358 diu.
662 2326 767 2357 dicitfl
790 2329 902 2357 dieunt
935 2327 1045 2366 (corr.)
1073 2328 1133 2355 ins.
1162 2336 1212 2355 an.
1238 2325 1364 2354 oderunt
1387 2325 1442 2361 R,1·
1469 2325 1544 2363 (om.
1571 2324 1698 2362 dicant).
1741 2334 1797 2361 pro
1828 2324 1953 2352 oderunt

122 2388 196 2417 hab.
223 2387 344 2425 cupiunt
366 2386 455 2416 vassi.
521 2387 554 2425 7)
584 2390 649 2423 opto
673 2395 737 2415 uon
763 2389 811 2414 est
838 2386 870 2413 in
894 2385 988 2413 libris·
1015 2393 1071 2412 nee
1102 2382 1327 2412 neces-sarium.
1392 2381 1426 2418 8)
1461 2381 1539 2419 pler.
1574 2390 1640 2410 esse
1674 2381 1744 2409 MR..
1782 2381 1850 2409 rell.
1884 2389 1951 2408 esse

124 2445 201 2482 pler.
244 2444 261 2472 2
289 2454 349 2474 om.
374 2453 455 2472 esse.
505 2443 539 2481 9)
567 2447 640 2482 tyro
664 2452 694 2471 v.
721 2446 747 2470 et
771 2442 845 2480 quia
869 2442 941 2470 MP..
970 2442 1039 2470 rell.
1066 2440 1204 2469 videlicet
1227 2440 1312 2477 quia.
1364 2439 1419 2477 11))
1444 2438 1495 2476 qvi
1519 2442 1634 2476 cartag.
1662 2438 1733 2467 MR.
1774 2438 1825 2476 qm'
1848 2438 1947 2466 earth.

122 2501 182 2529 A2.
224 2501 293 2529 rell.
318 2500 351 2528 z'd
374 2503 414 2528 est
439 2498 548 2528 Carth.
614 2499 667 2537 11)
694 2493 869 2528 AlssMDON
896 2497 938 2526 Μ.
965 2495 1099 2540 &isim-orm
1129 2497 1191 2525 A2.
1218 2496 1284 2524 rell.
1312 2496 1496 2532 dibapham.
1520 2504 1581 2523 Om.
1609 2505 1632 2523 r.
1662 2512 1700 2514 —
1735 2495 1951 2532 pretiosiorem

124 2556 223 2585 MAR.
261 2556 330 2585 rell.
356 2556 632 2593 pretiosissimam.
686 2556 741 2593 12)
769 2555 865 2584 Dixit
890 2555 1033 2593 MRQW.
1061 2554 1147 2582 dedit
1175 2563 1203 2583 a.
1230 2563 1289 2589 om,
1316 2551 1391 2587 th.
1419 2569 1457 2571 —
1493 2551 1525 2579 id
1560 2555 1609 2580 est
1637 2551 1671 2580 M
1702 2555 1731 2580 et
1764 2551 1832 2579 rell.
1865 2550 1950 2578 libri.

128 2613 183 2652 13)
210 2622 289 2642 eam.
317 2622 365 2650 gr.
390 2612 455 2641 Mv.
492 2621 613 2641 carmen
638 2621 684 2649 gr.
712 2612 798 2649 2R,r.

236 2668 394 2699 ACRON.
444 2669 494 2697 Ad
519 2672 715 2697 meeenatem
740 2668 768 2697 A
797 2668 916 2706 (Hor).
965 2666 1105 2697 Scholiis
1130 2670 1238 2703 antep.
1265 2669 1313 2694 est¹
1339 2668 1404 2693 not.
1430 2665 1534 2693 metri.
1587 2663 1655 2692 Ode
1682 2663 1746 2691 LV.
1785 2663 1825 2691 ad
1849 2672 1952 2691 mece-

127 2730 235 2755 uatem
259 2726 294 2754 R.
343 2725 533 2755 Paranetiee
558 2725 607 2754 uel
634 2725 855 2754 simboleutiee
881 2725 921 2753 ad
948 2734 1026 2752 mee.
1051 2733 1078 2764 γ.
1129 2721 1274 2761 Symbol.
1311 2721 1351 2749 ad
1385 2730 1462 2749 mee.
1497 2719 1615 2762 quDH
1647 2723 1678 2748 etv
1708 2718 1755 2756 E,
1798 2720 1851 2756 qui
1877 2719 1951 2747 add.

124 2782 224 2812 XVII.
272 2782 316 2811 At
344 2782 566 2811 simboleutiee
592 2782 777 2818 paranetiee
809 2781 955 2810 tetracol.
982 2781 1021 2808 ad
1048 2788 1126 2808 inec.
1153 2780 1183 2807 b.
1232 2778 1285 2806 Ad
1316 2786 1393 2806 mee.
1423 2777 1580 2814 quendam
1618 2775 1815 2805 adolatorem
1846 2784 1952 2812 repre-

126 2840 239 2868 hendit
262 2839 357 2868 Bern.
386 2838 421 2867 C.
462 2839 502 2867 ad
528 2848 605 2867 mee.
632 2839 792 2867 dicentem
819 2847 852 2866 se
880 2841 1024 2875 egrotare
1049 2836 1144 2864 Bern.
1170 2835 1207 2863 B.

242 2895 297 2934 19)
324 2895 472 2933 querellis
498 2894 537 2931 A,
564 2895 595 2923 in
620 2894 697 2924 Hor.
724 2895 826 2924 altera
851 2895 861 2922 1
887 2904 986 2923 erasa.
1015 2911 1056 2913 —
1081 2894 1148 2921 ads.
1175 2891 1214 2920 A.
1280 2890 1337 2928 20)
1366 2892 1535 2928 praesente
1558 2889 1588 2918 b.
1630 2888 1760 2926 optanti
1781 2888 1844 2918 Ab.
1894 2889 1951 2928 21)

127 2951 189 2981 eins
215 2962 239 2981 r.
275 2951 324 2981 uel
347 2962 406 2981 am.
434 2961 514 2980 omn.
542 2951 629 2982 libri,
671 2955 698 2979 et
721 2960 781 2980 am.
809 2950 836 2986 Q
862 2951 976 2979 inculc.
1005 2959 1045 2978 ex
1072 2948 1106 2978 C.
1156 2966 1197 2968 —
1239 2948 1325 2976 nolle
1351 2955 1420 2975 esse
1447 2949 1583 2983 superst.
1610 2944 1718 2986 Aput.
1756 2954 1788 2974 se
1814 2946 1896 2974 uelle
1922 2947 1951 2974 2.

128 3018 162 3038 se
188 3018 256 3038 esse
282 3009 378 3045 nolle,
405 3018 465 3038 oni.
492 3009 531 3046 ei,
557 3018 582 3037 r.
619 3008 687 3036 rell.
714 3016 748 3036 se
774 3008 802 3036 ei
829 3016 898 3036 esse
923 3007 1017 3035 nolle.
1059 3005 1101 3034 (112
1136 3014 1170 3033 se
1195 3005 1223 3032 ei
1248 3007 1363 3032 mortuo
1396 3002 1481 3031 nolle
1511 3001 1704 3039 superuiuere
1735 3002 1791 3031 sed
1816 3002 1952 3039 quodam

129 3075 158 3103 q.
185 3074 247 3093 sae.
274 3065 345 3093 deu.
372 3064 404 3093 in
432 3074 473 3093 m.
511 3074 573 3093 soe.
607 3074 632 3092 e.
658 3064 679 3095 f.
711 3063 742 3091 in
772 3074 802 3092 u.
833 3064 916 3091 coni.
960 3062 1044 3091 Ordo
1071 3065 1128 3090 est.
1177 3060 1235 3098 22)
1261 3058 1355 3088 fuerit
1380 3058 1492 3099 A-fR,1·.
1519 3058 1589 3087 rell.
1616 3057 1728 3087 fuerat.
1778 3056 1837 3095 23)
1865 3058 1952 3087 Ordo

129 3138 171 3141 —
189 3120 276 3150 obire
300 3130 360 3149 om.
386 3120 423 3149 A.
489 3120 545 3158 25)
588 3121 685 3149 schol.
713 3129 754 3148 ex
780 3119 836 3161 Αγ.
863 3120 932 3149 rell.
959 3129 1018 3148 om.
1056 3118 1097 3147 O:
1121 3121 1250 3156 gratum,
1277 3117 1418 3153 placens.
1484 3115 1541 3153 26)
1583 3114 1613 3143 A
1644 3118 1677 3143 te
1701 3116 1740 3155 *sb
1775 3114 1879 3152 (bis),
1917 3118 1953 3143 ut

129 3176 247 3205 Berlin.
273 3175 335 3205 ΚΑ
367 3180 398 3205 et
430 3185 462 3219 φ.
504 3176 540 3205 In
571 3176 641 3205 Par.
675 3176 760 3205 AEP
797 3185 881 3205 man.
922 3176 938 3203 2
971 3175 991 3203 h
1023 3175 1125 3203 adser.
1158 3172 1247 3209 utI,
1275 3173 1336 3210 27,
1367 3174 1416 3201 18.
1457 3171 1528 3201 Par.
1555 3170 1592 3201 A.
1619 3172 1717 3201 habet
1743 3180 1820 3209 pure
1845 3170 1884 3199 A.
1910 3169 1948 3199 A.

1977 964 1983 994 l
1994 966 2012 995 t)

1974 1332 2012 1362 15
