2283 3535
348 1020 387 1051 10

352 1386 389 1417 15

346 1752 388 1784 20

412 217 495 256 494
1044 228 1150 260 Aen.
1176 227 1235 258 ET
1260 226 1427 259 PORPH.
1452 226 1601 259 COMM.

1155 405 1508 449 PORPHYRION.

531 501 630 540 l'ellz'
655 514 694 539 n.
726 514 776 539 m.
809 516 838 540 s.
869 515 902 539 a.
933 500 957 539 τ’.
1031 497 1215 537 Pettium
1247 495 1588 537 contubernalem
1621 495 1861 550 adloquitur
1892 495 2086 536 indicans
2116 509 2240 537 occu-

413 580 510 626 pato
542 571 623 613 sibi
654 587 796 613 amore
827 571 999 626 Lycisci
1030 569 1150 624 pueri
1180 583 1265 610 non
1293 568 1426 610 libere
1456 584 1603 611 uersus
1635 568 1833 610 scribere.

527 647 563 687 5.
597 646 633 687 6.
665 646 727 686 lze'c
758 647 896 686 tertius
929 645 1023 685 Dec.
1055 658 1105 684 ex
1136 657 1212 699 quo
1245 643 1378 683 destiti
1404 642 1572 683 Inachia
1604 643 1633 696 f.
1664 658 1693 682 s.
1727 642 1763 682 Ιι.
1796 642 1832 682 d.
1912 639 2127 683 Siluarum
2165 641 2242 682 ho-

412 734 557 760 norem
587 718 688 760 folia.
719 718 917 759 arborum
949 724 989 757 et
1017 715 1142 770 Verq.
1173 714 1280 756 dixit
1311 713 1386 768 (G.
1418 714 1474 764 ΙΙ,
1506 715 1631 769 404):
1671 715 1858 768 Friyedus
1890 723 1926 755 et
1954 715 2069 756 siluis
2101 715 2243 770 Aquilo

414 794 587 834 decussit
632 792 832 833 honorem.
905 789 1073 830 Reuera
1118 795 1256 829 autem
1294 802 1437 829 mense
1481 788 1569 828 fere
1599 786 1853 828 Decembris
1897 787 2132 843 spoliantur
2175 803 2243 828 ar-

413 865 536 907 bores
566 864 689 906 foliis.

525 939 600 980 heu
621 953 679 978 me
693 953 772 993 per
792 937 940 979 urbem.
1003 935 1121 992 [Heu
1141 949 1206 976 me
1228 949 1305 990 per
1325 933 1492 990 urbem]
1515 934 1659 988 sabula
1692 943 1844 990 quanta
1865 935 1940 988 sui.
1985 933 2084 975 Hoc
2104 940 2242 974 autem

413 1011 533 1066 quasi
564 1011 679 1051 iuxta
710 1025 753 1051 se
784 1010 966 1065 positum
997 1009 1173 1049 inlatum
1205 1015 1285 1049 est:
1318 1022 1414 1048 nam
1438 1008 1563 1063 pudet
1595 1009 1695 1048 {anti
1721 1008 1828 1048 mali.
1895 1006 2023 1059 Quod
2054 1006 2149 1047 ideo
2179 1006 2244 1046 in-

412 1084 517 1133 tulit,
550 1092 593 1124 ut
623 1084 873 1132 ostenderet,
906 1097 979 1123 cur
1010 1080 1295 1137 ingemuisset.

530 1159 592 1199 10.
626 1159 769 1211 aryuz't.
830 1158 977 1210 Arym't
1007 1154 1146 1196 media
1176 1153 1339 1209 syllaba
1369 1153 1572 1209 producte
1603 1153 1976 1208 pronuntiandum,
2023 1153 2095 1208 qui
2118 1168 2244 1209 prae-

413 1233 530 1273 sentis
561 1230 762 1286 temporis
794 1238 867 1271 est.

527 1314 563 1347 et
593 1307 716 1346 latere
740 1305 887 1360 pete'lus
916 1304 994 1344 imo
1025 1303 1201 1358 spiritus.
1280 1298 1509 1356 [Spiritum
1539 1300 1670 1341 latere
1702 1300 1806 1356 peti]
1853 1299 1950 1341 Non
1988 1309 2146 1356 pectore
2175 1299 2245 1350 ait,

416 1379 516 1434 quia
546 1379 589 1419 in
620 1377 872 1433 suspirando
905 1382 1066 1417 constat
1097 1375 1226 1416 latera
1257 1373 1463 1415 laborare.

529 1454 592 1492 11.
627 1459 818 1493 contrane
849 1451 872 1491 l.
903 1465 940 1491 n.
975 1464 1012 1490 u.
1047 1464 1078 1490 c.
1107 1464 1145 1504 p.
1177 1449 1201 1489 i.
1279 1445 1439 1488 Contra
1468 1447 1644 1497 lucrum,
1692 1453 1838 1488 contra
1869 1446 2052 1488 studium
2083 1446 2190 1488 lucri
2219 1446 2245 1486 i.

414 1541 447 1568 e.
481 1533 626 1567 contra
657 1523 891 1565 auaritiam.
954 1520 1112 1564 Sensus
1143 1528 1301 1562 autem:
1350 1520 1571 1573 Querebar
1601 1520 1678 1561 tibi
1708 1521 1893 1575 plorans,
1940 1521 2052 1575 quod
2090 1519 2248 1561 candor

414 1599 544 1640 animi
574 1597 657 1639 mei
688 1604 727 1638 et
758 1596 933 1637 honesta
963 1594 1211 1650 simplicitas
1243 1594 1332 1636 sine
1364 1594 1552 1649 (donis?)
1598 1594 1707 1635 datis
1738 1593 1844 1634 nihil
1881 1594 2044 1650 gratiae
2074 1593 2248 1635 haberet

413 1672 528 1728 apud
558 1686 731 1713 auaram
762 1669 959 1725 puellam.

529 1746 593 1787 13.
627 1746 691 1784 14.
724 1744 920 1799 querebar
951 1743 1173 1799 adplorans
1206 1750 1230 1783 t.
1260 1741 1379 1783 simul
1409 1741 1483 1782 cal.
1513 1742 1641 1782 inuer.
1675 1742 1772 1783 deus
1792 1742 1822 1796 f.
1852 1756 1903 1782 m.
1935 1756 2089 1783 arcana
2114 1754 2247 1797 prom.

413 1821 509 1862 loco.
570 1817 690 1860 Ordo
723 1825 805 1859 est:
853 1816 977 1858 simul
1007 1815 1305 1857 inuerecundis
1343 1814 1446 1856 deus
1486 1814 1661 1856 calentis
1699 1829 1854 1856 arcana
1891 1820 2106 1870 promorat
2141 1813 2246 1855 loco.

412 1892 470 1933 Et
499 1893 642 1947 utique
673 1905 814 1932 amore
847 1889 1021 1931 calentis
1052 1889 1360 1943 accipiendum.
1423 1886 1581 1929 Sensus
1602 1903 1702 1929 uero
1723 1888 1799 1933 hic
1814 1896 1893 1930 est:
1928 1886 2038 1930 Cum
2069 1887 2247 1929 ebrietas

525 1985 682 2016 PORPH.
731 1984 783 2014 Ad
818 1984 965 2013 Pectium
1002 1983 1039 2012 R.
1105 1982 1140 2020 3)
1166 1982 1246 2011 Petti
1270 1980 1345 2011 MG.
1378 1981 1449 2010 rell.
1481 1981 1582 2010 Pecti.
1614 1981 1759 2011 Pettium.
1794 1982 1943 2011 Pectium.
2009 1981 2043 2020 5)
2071 1980 2194 2011 destitit
2216 1980 2248 2010 2⁸71.

412 2042 524 2073 achaia
548 2041 620 2071 MG.
671 2042 706 2081 G)
732 2042 812 2070 dicit.
836 2040 871 2068 M
897 2039 1036 2078 (Halm.)
1089 2038 1122 2077 7)
1150 2038 1326 2068 decembris
1343 2038 1375 2067 M
1391 2037 1531 2076 (Halm.)
1552 2036 1667 2075 2G,va.
1686 2039 1753 2067 rell.
1773 2038 1956 2068 Decembri.
1984 2036 2019 2077 9)
2047 2037 2093 2073 Q:
2121 2038 2249 2067 ‘lemma

412 2110 465 2129 nos
489 2099 670 2129 addidimus-⁷
698 2098 844 2137 (propter
869 2094 1024 2134 autem‘?)3
1063 2100 1095 2124 at
1121 2097 1236 2124 lemma
1261 2096 1293 2124 in
1319 2095 1412 2124 libris
1438 2094 1552 2132 M7rva.
1591 2093 1658 2133 (qu.
1685 2094 1750 2124 fab.
1774 2096 1822 2124 fui
1849 2105 1907 2124 om.
1933 2094 1997 2134 fh.)
2034 2095 2099 2124 iam
2124 2094 2246 2123 aderat.

414 2157 499 2186 Eheu
524 2156 596 2186 MG.
625 2156 694 2186 rell.
719 2155 784 2184 heu.
848 2154 904 2192 16)
931 2152 1063 2181 inlatum
1086 2152 1129 2181 M.
1156 2152 1199 2181 ill.
1225 2151 1283 2180 Rv.
1314 2152 1439 2180 illatam
1464 2161 1488 2180 r.
1515 2151 1660 2181 Positum
1686 2161 1710 2180 r.
1736 2152 1836 2189 posito
1861 2152 1929 2182 afh.
1956 2151 2024 2181 kuic
2063 2168 2105 2172 -—
2145 2151 2248 2189 posito

413 2214 517 2243 uoluit
544 2212 581 2247 Q.
608 2212 700 2241 codd.
726 2211 871 2249 positum.
898 2213 994 2239 recte.
1062 2210 1118 2247 12)
1144 2208 1206 2244 M‚r
1231 2208 1351 2237 habent
1378 2208 1509 2237 lemma:
1546 2207 1582 2237 In
1609 2209 1681 2246 quis
1706 2212 1868 2238 amantem
1893 2208 2001 2247 langor
2026 2211 2057 2237 et
2082 2208 2248 2237 silentium

413 2270 533 2307 arguit.
558 2269 608 2298 De
633 2278 663 2297 u.
688 2269 798 2306 lanqor
822 2277 853 2296 u.
879 2266 952 2295 Aer.
973 2265 1016 2301 Q:
1044 2264 1155 2304 ‘aryuc't
1179 2262 1395 2306 posstlemma
1420 2263 1546 2293 addidi!
1572 2264 1617 2293 At
1634 2281 1676 2285 -
1694 2274 1804 2294 omnes
1830 2266 1907 2294 libri
1934 2265 2053 2294 iterant
2078 2274 2108 2293 u.
2134 2263 2246 2303 ανῃιιὶι,

415 2330 445 2355 et
472 2326 533 2364 ipsi
559 2325 603 2354 vf.
641 2325 763 2354 Eadem
789 2323 993 2361 negligentia
1024 2322 1121 2351 tacite
1148 2322 1283 2351 induxit
1307 2322 1461 2359 producta
1486 2318 1572 2359 (G'?)
1599 2330 1654 2358 pro
1678 2322 1807 2360 uulgari
1833 2322 1973 2351 omnium
1998 2320 2065 2350 fere
2090 2321 2244 2350 librorum

412 2383 552 2412 lectione
577 2382 735 2420 producte⁷
763 2390 845 2419 quae
871 2380 1000 2409 omnino
1024 2383 1110 2408 recte
1137 2388 1169 2407 se
1194 2378 1306 2407 habet:
1345 2378 1413 2407 Cic.
1441 2377 1494 2407 Or.
1522 2379 1575 2406 48.
1614 2376 1697 2407 Gell.
1723 2378 1764 2415 ΙΙ,
1795 2379 1845 2407 10.
1875 2378 1930 2415 IV,
1960 2379 2010 2407 17.
2037 2377 2190 2415 producta
2215 2377 2246 2406 2.

414 2457 453 2459 —--
470 2437 711 2477 pronuntianda
723 2437 759 2466 R.
813 2436 867 2474 14)
894 2445 924 2464 se
949 2436 1048 2474 ipsum
1074 2435 1107 2464 M
1134 2435 1256 2473 (Halm.
1284 2435 1354 2473 sp—m
1372 2449 1415 2462 z
1435 2435 1614 2473 spiritum).
1641 2435 1744 2464 latere
1770 2435 1837 2472 peti
1865 2445 1924 2464 om.
1944 2434 2076 2472 MRG‚r.
2095 2451 2137 2455 ——
2156 2443 2248 2472 quam

413 2494 531 2534 M(Q‘.²)
558 2495 593 2523 R.
621 2504 712 2532 quem
738 2493 766 2523 G
794 2494 825 2522 in
851 2496 1006 2522 contextu
1031 2492 1114 2530 quod
1140 2490 1190 2520 2G
1215 2491 1354 2530 admary.
1384 2490 1457 2529 (Q).
1485 2492 1555 2520 rell.
1582 2491 1665 2530 quia.
1693 2491 1846 2529 Spiritum
1871 2491 1957 2520 libri.
2010 2491 2064 2529 15)
2091 2490 2198 2520 latera
2214 2490 2247 2519 M

414 2552 475 2590 (Q:
502 2553 534 2580 in
561 2551 687 2590 rasura)
713 2549 878 2591 ·{‚cvafliC.
907 2549 991 2579 conf.
1016 2549 1088 2578 Aer.
1114 2549 1193 2577 latus
1220 2547 1348 2586 2G(Q).
1368 2548 1465 2577 latere
1482 2547 1539 2577 RG
1571 2549 1604 2577 in
1634 2552 1800 2577 contextu.
1866 2549 1920 2586 17)
1948 2547 2065 2577 Sensus
2084 2552 2133 2577 est
2150 2550 2248 2576 autem

414 2608 449 2637 R.
475 2607 596 2637 Sensus
622 2611 719 2636 autem
744 2611 792 2636 est
817 2606 955 2643 ‘2‚rvafh.
992 2623 1031 2626 —
1068 2605 1251 2640 Quam-ebur
1276 2605 1320 2634 M.
1389 2604 1443 2643 18)
1472 2604 1589 2633 diuitiis
1615 2605 1701 2642 uulg.
1729 2605 1835 2634 lectio.
1862 2605 1940 2634 (latis
1965 2604 2060 2633 MR2.
2088 2604 2247 2642 Equidem

413 2674 527 2695 censeo
553 2664 727 2701 legendum
753 2663 837 2692 (lonis
862 2663 950 2692 dalis.
978 2661 1046 2691 Cic.
1074 2661 1204 2691 Cluent.
1233 2662 1299 2689 24:
1327 2661 1418 2690 donis
1445 2661 1530 2689 datis
1557 2662 1816 2699 muneribusque.
1843 2671 1875 2702 γε
1908 2661 2075 2699 significat
2101 2661 2187 2690 enim
2214 2669 2246 2689 se

415 2725 599 2750 cantantem
624 2721 746 2749 amicae
773 2729 849 2749 suae
874 2719 1008 2749 alterius
1034 2719 1192 2747 amatoris
1219 2718 1405 2747 muneribus
1432 2721 1619 2755 superatum
1646 2718 1757 2747 fuisse.
1785 2718 1828 2749 0:
1863 2735 1903 2738 —-
1930 2721 2043 2747 contra
2068 2718 2190 2746 lucrum
2216 2721 2248 2746 et.

413 2778 565 2808 riualium
589 2786 714 2806 munera
732 2777 873 2813 largiora
889 2794 925 2796 v
948 2780 997 2804 et:
1025 2775 1112 2804 caud.
1129 2774 1295 2813 z'nyenium:
1322 2774 1402 2811 laus,
1429 2775 1673 2811 commendatio,
1700 2775 1855 2804 nobilitas
1882 2774 2017 2812 ingenii,
2041 2773 2118 2803 nihil
2141 2773 2248 2803 habent

411 2835 531 2875 qratiae
555 2833 637 2873 apud
660 2843 788 2862 anai-am
808 2833 950 2872 puellam,
977 2832 1039 2862 sine
1063 2831 1241 2861 muneribus.
1267 2831 1334 2873 ¹³25*
1365 2830 1520 2860 Contrane..
1562 2831 1603 2860 Et
1629 2837 1675 2861 est
1703 2841 1826 2861 sensus.
1869 2831 1948 2861 Cum
1975 2831 2115 2860 ebrietas
2141 2830 2247 2868 inquit.

412 2892 603 2921 modestiam
631 2891 812 2928 expulisset
836 2900 854 2918 a
880 2890 973 2919 corde
1001 2899 1080 2918 ineo.
1112 2890 1195 2918 Num
1222 2888 1298 2926 quid
1327 2897 1389 2917 non
1417 2889 1573 2925 querebar
1598 2889 1658 2917 tibi
1685 2889 1815 2925 plorans
1841 2888 1924 2925 quod
1956 2887 2073 2916 candor
2099 2887 2198 2916 animi
2224 2886 2244 2915 i.

414 2949 608 2985 simplicitas
636 2951 666 2976 et
693 2947 848 2976 nobilitas
876 2947 1001 2984 ingenii
1027 2947 1080 2984 qui
1108 2955 1227 2983 pauper
1252 2955 1321 2973 sum
1347 2945 1429 2973 nihil
1457 2946 1625 2982 proficeret.
1649 2944 1713 2973 sine
1738 2944 1822 2973 donis
1847 2944 1929 2981 apud
1956 2952 2087 2972 nuaram
2104 2943 2246 2981 puellam

415 3006 490 3043 quin
518 3014 641 3042 semper
666 3014 728 3033 non
754 3008 876 3033 amaret
895 3004 1031 3032 ditiores
1049 3003 1167 3032 riuales
1195 3012 1280 3031 meos
1300 3002 1369 3039 plus
1387 3012 1482 3039 quam
1501 3012 1560 3030 me.
1590 3002 1649 3031 Per
1667 3002 1725 3031 hoc
1743 3006 1848 3031 autem
1869 3000 2033 3038 signifieat
2052 3009 2085 3029 se
2103 3007 2244 3029 amorem

415 3071 506 3091 suum
533 3061 635 3098 pettio
660 3070 734 3098 sepe
761 3062 844 3089 inter
870 3060 1021 3089 conuiuia
1046 3060 1201 3089 confiteri.
1268 3059 1324 3097 20)
1351 3058 1472 3096 adplor.
1500 3058 1576 3095 MG,
1614 3064 1646 3088 ut
1674 3057 1765 3087 Harl.
1799 3057 1892 3086 Bern.
1911 3055 2002 3085 KAC
2028 3056 2116 3086 Parr.
2142 3055 2244 3097 ΕΒφγ

414 3119 506 3148 Baro.
526 3121 584 3146 etc.
603 3117 669 3146 rell.
689 3117 773 3155 appi.
791 3134 793 3136 ·
814 3134 830 3136 ⁴
846 3116 980 3146 archana
998 3116 1076 3153 ΜΝ,
1103 3120 1138 3145 ut.
1165 3114 1276 3145 Graeo.
1304 3114 1397 3143 Fran.
1425 3115 1509 3155 b-,JDI
1536 3115 1630 3144 Bern.
1651 3114 1676 3144 C
1695 3118 1755 3143 etc.
1774 3114 1812 3154 ’sb
1831 3114 1863 3142 in
1882 3123 1916 3142 eo
1934 3113 1968 3141 M
1986 3110 2136 3151 (Halm.)
2186 3111 2242 3150 21)

415 3178 573 3213 promerat
598 3172 689 3202 1-12G.
716 3173 866 3211 pronn'rat
893 3173 925 3201 M
952 3173 1094 3211 (Halm.)
1123 3173 1154 3202 in
1181 3172 1252 3200 lem.
1280 3178 1435 3208 promorat
1465 3173 1496 3200 in
1524 3172 1620 3200 schol.
1685 3169 1743 3209 22)
1768 3170 1866 3207 accip.
1899 3173 1941 3198 esc
1965 3170 1994 3198 2.
2021 3168 2142 3198 Sensus
2167 3176 2242 3197 uero

416 3231 464 3260 hic
489 3234 537 3259 est
562 3228 753 3268 lun-mm).
780 3240 803 3257 s.
830 3240 859 3259 u.
887 3229 911 3258 is
936 3234 983 3258 cst
1010 3239 1055 3259 rv.
1083 3239 1194 3258 sensus
1221 3237 1310 3258 uerus
1335 3232 1380 3256 est
1409 3228 1475 3257 asli.
