<?xml version="1.0" encoding="UTF-8"?>
<!DOCTYPE html PUBLIC "-//W3C//DTD XHTML 1.0 Transitional//EN"
    "http://www.w3.org/TR/xhtml1/DTD/xhtml1-transitional.dtd">
<html xmlns="http://www.w3.org/1999/xhtml" xml:lang="en" lang="en">
 <head>
  <title>
</title>
<meta http-equiv="Content-Type" content="text/html;charset=utf-8" />
  <meta name='ocr-system' content='tesseract 3.04.00' />
  <meta name='ocr-capabilities' content='ocr_page ocr_carea ocr_par ocr_line ocrx_word'/>
</head>
<body>
  <div class='ocr_page' id='page_1' title='image "acronisetporphyr01pseuuoft_0556.png"; bbox 0 0 2283 3535; ppageno 0'>
   <div class='ocr_carea' id='block_1_1' title="bbox 299 968 335 999">
    <p class='ocr_par' dir='ltr' id='par_1_1' title="bbox 299 968 335 999">
     <span class='ocr_line' id='line_1_1' title="bbox 299 968 335 999; baseline 0.028 -1"><span class='ocrx_word' id='word_1_1' title='bbox 299 968 335 999; x_wconf 85' lang='lat'>10</span> 
     </span>
    </p>
   </div>
   <div class='ocr_carea' id='block_1_2' title="bbox 292 1335 330 1365">
    <p class='ocr_par' dir='ltr' id='par_1_2' title="bbox 292 1335 330 1365">
     <span class='ocr_line' id='line_1_2' title="bbox 292 1335 330 1365; baseline 0 0"><span class='ocrx_word' id='word_1_2' title='bbox 292 1335 330 1365; x_wconf 78' lang='grc'>15</span> 
     </span>
    </p>
   </div>
   <div class='ocr_carea' id='block_1_3' title="bbox 367 165 1561 213">
    <p class='ocr_par' dir='ltr' id='par_1_3' title="bbox 367 165 1561 213">
     <span class='ocr_line' id='line_1_3' title="bbox 367 165 1561 213; baseline 0.006 -7"><span class='ocrx_word' id='word_1_3' title='bbox 367 165 446 207; x_wconf 80' lang='grc'>528</span> <span class='ocrx_word' id='word_1_4' title='bbox 1007 178 1112 211; x_wconf 72' lang='lat' dir='ltr'>Aca.</span> <span class='ocrx_word' id='word_1_5' title='bbox 1137 179 1197 211; x_wconf 86' lang='lat' dir='ltr'>ET</span> <span class='ocrx_word' id='word_1_6' title='bbox 1222 179 1388 212; x_wconf 73' lang='lat' dir='ltr'>PoRPH.</span> <span class='ocrx_word' id='word_1_7' title='bbox 1414 180 1561 213; x_wconf 88' lang='lat' dir='ltr'>COMM.</span> 
     </span>
    </p>
   </div>
   <div class='ocr_carea' id='block_1_4' title="bbox 356 302 2191 1831">
    <p class='ocr_par' dir='ltr' id='par_1_4' title="bbox 479 302 1308 356">
     <span class='ocr_line' id='line_1_4' title="bbox 479 302 1308 356; baseline 0.004 -13"><span class='ocrx_word' id='word_1_8' title='bbox 479 303 544 343; x_wconf 87' lang='grc'>57.</span> <span class='ocrx_word' id='word_1_9' title='bbox 585 302 759 356; x_wconf 75' lang='lat' dir='ltr'>Vulqata.</span> <span class='ocrx_word' id='word_1_10' title='bbox 819 302 919 343; x_wconf 90' lang='lat' dir='ltr'>Tibi</span> <span class='ocrx_word' id='word_1_11' title='bbox 952 317 976 343; x_wconf 84' lang='lat' dir='ltr'>a</span> <span class='ocrx_word' id='word_1_12' title='bbox 1007 317 1075 344; x_wconf 90' lang='lat' dir='ltr'>me</span> <span class='ocrx_word' id='word_1_13' title='bbox 1104 303 1172 344; x_wconf 93' lang='lat' dir='ltr'>uel</span> <span class='ocrx_word' id='word_1_14' title='bbox 1203 318 1227 344; x_wconf 89' lang='lat' dir='ltr'>a</span> <span class='ocrx_word' id='word_1_15' title='bbox 1258 310 1308 346; x_wconf 86' lang='lat' dir='ltr'>te.</span> 
     </span>
    </p>

    <p class='ocr_par' dir='ltr' id='par_1_5' title="bbox 364 375 2191 501">
     <span class='ocr_line' id='line_1_5' title="bbox 477 375 2191 434; baseline 0.002 -19"><span class='ocrx_word' id='word_1_16' title='bbox 477 376 542 416; x_wconf 83' lang='lat'>58.</span> <span class='ocrx_word' id='word_1_17' title='bbox 575 376 766 430; x_wconf 75' lang='lat' dir='ltr'>esqm&#39;le&#39;m&#39;.</span> <span class='ocrx_word' id='word_1_18' title='bbox 825 375 952 417; x_wconf 90' lang='lat' dir='ltr'>Mons</span> <span class='ocrx_word' id='word_1_19' title='bbox 983 384 1043 417; x_wconf 88' lang='lat' dir='ltr'>est</span> <span class='ocrx_word' id='word_1_20' title='bbox 1072 376 1145 416; x_wconf 92' lang='lat' dir='ltr'>ubi</span> <span class='ocrx_word' id='word_1_21' title='bbox 1175 383 1294 417; x_wconf 88' lang='lat' dir='ltr'>erant</span> <span class='ocrx_word' id='word_1_22' title='bbox 1324 377 1547 432; x_wconf 83' lang='lat' dir='ltr'>sepulchra</span> <span class='ocrx_word' id='word_1_23' title='bbox 1568 385 1826 419; x_wconf 84' lang='lat' dir='ltr'>mortuorum</span> <span class='ocrx_word' id='word_1_24' title='bbox 1847 391 1929 432; x_wconf 93' lang='lat' dir='ltr'>quo</span> <span class='ocrx_word' id='word_1_25' title='bbox 1956 376 2191 434; x_wconf 84' lang='lat' dir='ltr'>pergebant</span> 
     </span>
     <span class='ocr_line' id='line_1_6' title="bbox 364 447 1307 501; baseline 0.003 -14"><span class='ocrx_word' id='word_1_26' title='bbox 364 447 434 501; x_wconf 90' lang='lat' dir='ltr'>qui</span> <span class='ocrx_word' id='word_1_27' title='bbox 465 447 664 490; x_wconf 81' lang='lat' dir='ltr'>uolebant</span> <span class='ocrx_word' id='word_1_28' title='bbox 693 449 888 490; x_wconf 84' lang='lat' dir='ltr'>uenefitio</span> <span class='ocrx_word' id='word_1_29' title='bbox 920 450 1081 491; x_wconf 85' lang='lat' dir='ltr'>animas</span> <span class='ocrx_word' id='word_1_30' title='bbox 1112 450 1307 491; x_wconf 87' lang='lat' dir='ltr'>excitare.</span> 
     </span>
    </p>

    <p class='ocr_par' dir='ltr' id='par_1_6' title="bbox 362 522 2190 796">
     <span class='ocr_line' id='line_1_7' title="bbox 478 522 2188 579; baseline 0.001 -16"><span class='ocrx_word' id='word_1_31' title='bbox 478 522 676 576; x_wconf 65' lang='lat' dir='ltr'>Pontv&#39;feoe.</span> <span class='ocrx_word' id='word_1_32' title='bbox 740 523 966 579; x_wconf 67' lang='lat' dir='ltr'>Pontzjicem</span> <span class='ocrx_word' id='word_1_33' title='bbox 997 531 1068 564; x_wconf 86' lang='lat' dir='ltr'>aut</span> <span class='ocrx_word' id='word_1_34' title='bbox 1096 523 1217 578; x_wconf 83' lang='lat' dir='ltr'>quasi</span> <span class='ocrx_word' id='word_1_35' title='bbox 1248 537 1463 565; x_wconf 80' lang='lat' dir='ltr'>censorem</span> <span class='ocrx_word' id='word_1_36' title='bbox 1495 524 1593 578; x_wconf 87' lang='lat' dir='ltr'>quia</span> <span class='ocrx_word' id='word_1_37' title='bbox 1614 524 1832 579; x_wconf 89' lang='lat' dir='ltr'>pontifices</span> <span class='ocrx_word' id='word_1_38' title='bbox 1854 524 1906 564; x_wconf 90' lang='lat' dir='ltr'>de</span> <span class='ocrx_word' id='word_1_39' title='bbox 1927 524 2057 566; x_wconf 86' lang='lat' dir='ltr'>sacris</span> <span class='ocrx_word' id='word_1_40' title='bbox 2078 523 2188 565; x_wconf 87' lang='lat' dir='ltr'>iudi-</span> 
     </span>
     <span class='ocr_line' id='line_1_8' title="bbox 363 595 2190 652; baseline 0.001 -16"><span class='ocrx_word' id='word_1_41' title='bbox 363 595 515 636; x_wconf 83' lang='lat' dir='ltr'>cabant</span> <span class='ocrx_word' id='word_1_42' title='bbox 531 595 750 650; x_wconf 83' lang='lat' dir='ltr'>aesquilini</span> <span class='ocrx_word' id='word_1_43' title='bbox 771 603 910 637; x_wconf 86' lang='lat' dir='ltr'>autem</span> <span class='ocrx_word' id='word_1_44' title='bbox 931 596 1026 638; x_wconf 92' lang='lat' dir='ltr'>ideo</span> <span class='ocrx_word' id='word_1_45' title='bbox 1049 596 1147 651; x_wconf 88' lang='lat' dir='ltr'>quia</span> <span class='ocrx_word' id='word_1_46' title='bbox 1167 604 1284 638; x_wconf 87' lang='lat' dir='ltr'>extra</span> <span class='ocrx_word' id='word_1_47' title='bbox 1306 597 1556 651; x_wconf 83' lang='lat' dir='ltr'>esquilinam</span> <span class='ocrx_word' id='word_1_48' title='bbox 1577 605 1750 652; x_wconf 81' lang='lat' dir='ltr'>portam</span> <span class='ocrx_word' id='word_1_49' title='bbox 1773 604 1891 638; x_wconf 89' lang='lat' dir='ltr'>erant</span> <span class='ocrx_word' id='word_1_50' title='bbox 1920 604 2190 639; x_wconf 87' lang='lat' dir='ltr'>monumenta</span> 
     </span>
     <span class='ocr_line' id='line_1_9' title="bbox 362 668 2188 727; baseline 0.002 -19"><span class='ocrx_word' id='word_1_51' title='bbox 362 668 405 708; x_wconf 88' lang='lat' dir='ltr'>in</span> <span class='ocrx_word' id='word_1_52' title='bbox 436 683 607 724; x_wconf 79' lang='lat' dir='ltr'>aggere.</span> <span class='ocrx_word' id='word_1_53' title='bbox 639 669 682 709; x_wconf 89' lang='grc'>111</span> <span class='ocrx_word' id='word_1_54' title='bbox 713 684 796 724; x_wconf 83' lang='lat' dir='ltr'>qua</span> <span class='ocrx_word' id='word_1_55' title='bbox 827 669 995 710; x_wconf 86' lang='lat' dir='ltr'>canidia</span> <span class='ocrx_word' id='word_1_56' title='bbox 1015 670 1226 725; x_wconf 85' lang='lat' dir='ltr'>magicam</span> <span class='ocrx_word' id='word_1_57' title='bbox 1249 684 1444 711; x_wconf 85' lang='lat' dir='ltr'>exercere</span> <span class='ocrx_word' id='word_1_58' title='bbox 1466 669 1658 712; x_wconf 86' lang='lat' dir='ltr'>noctibus</span> <span class='ocrx_word' id='word_1_59' title='bbox 1681 676 1967 712; x_wconf 85' lang='lat' dir='ltr'>consueuerat.</span> <span class='ocrx_word' id='word_1_60' title='bbox 1999 677 2068 711; x_wconf 86' lang='lat' dir='ltr'>aut</span> <span class='ocrx_word' id='word_1_61' title='bbox 2082 685 2188 727; x_wconf 82' lang='lat' dir='ltr'>pon-</span> 
     </span>
     <span class='ocr_line' id='line_1_10' title="bbox 363 741 932 796; baseline -0.002 -13"><span class='ocrx_word' id='word_1_62' title='bbox 363 743 464 796; x_wconf 68' lang='lat' dir='ltr'>tifex</span> <span class='ocrx_word' id='word_1_63' title='bbox 495 741 521 783; x_wconf 87' lang='lat' dir='ltr'>i.</span> <span class='ocrx_word' id='word_1_64' title='bbox 555 741 746 783; x_wconf 88' lang='lat' dir='ltr'>conscius</span> <span class='ocrx_word' id='word_1_65' title='bbox 778 741 932 783; x_wconf 84' lang='lat' dir='ltr'>riseris.</span> 
     </span>
    </p>

    <p class='ocr_par' dir='ltr' id='par_1_7' title="bbox 473 815 984 871">
     <span class='ocr_line' id='line_1_11' title="bbox 473 815 984 871; baseline 0.002 -16"><span class='ocrx_word' id='word_1_66' title='bbox 473 817 650 871; x_wconf 77' lang='lat' dir='ltr'>uenefici.</span> <span class='ocrx_word' id='word_1_67' title='bbox 680 830 758 870; x_wconf 90' lang='lat' dir='ltr'>pro</span> <span class='ocrx_word' id='word_1_68' title='bbox 787 815 984 857; x_wconf 88' lang='lat' dir='ltr'>uenefitii.</span> 
     </span>
    </p>

    <p class='ocr_par' dir='ltr' id='par_1_8' title="bbox 362 889 2188 1003">
     <span class='ocr_line' id='line_1_12' title="bbox 474 889 2188 947; baseline 0.001 -18"><span class='ocrx_word' id='word_1_69' title='bbox 474 889 539 930; x_wconf 84' lang='lat'>59.</span> <span class='ocrx_word' id='word_1_70' title='bbox 569 889 728 945; x_wconf 80' lang='lat' dir='ltr'>Inpune</span> <span class='ocrx_word' id='word_1_71' title='bbox 757 898 802 931; x_wconf 78' lang='lat' dir='ltr'>ut</span> <span class='ocrx_word' id='word_1_72' title='bbox 831 891 921 931; x_wconf 81' lang='lat' dir='ltr'>urb.</span> <span class='ocrx_word' id='word_1_73' title='bbox 961 891 1118 932; x_wconf 71' lang='lat' dir='ltr'>nomine</span> <span class='ocrx_word' id='word_1_74' title='bbox 1155 891 1332 947; x_wconf 73' lang='lat' dir='ltr'>inpleris.</span> <span class='ocrx_word' id='word_1_75' title='bbox 1369 890 1395 931; x_wconf 87' lang='lat' dir='ltr'>i.</span> <span class='ocrx_word' id='word_1_76' title='bbox 1433 898 1478 932; x_wconf 85' lang='lat' dir='ltr'>ut</span> <span class='ocrx_word' id='word_1_77' title='bbox 1513 904 1579 932; x_wconf 89' lang='lat' dir='ltr'>me</span> <span class='ocrx_word' id='word_1_78' title='bbox 1620 891 1709 932; x_wconf 91' lang='lat' dir='ltr'>sine</span> <span class='ocrx_word' id='word_1_79' title='bbox 1746 891 1935 933; x_wconf 84' lang='lat' dir='ltr'>uindicta</span> <span class='ocrx_word' id='word_1_80' title='bbox 1973 890 2090 932; x_wconf 87' lang='lat' dir='ltr'>urbis</span> <span class='ocrx_word' id='word_1_81' title='bbox 2125 890 2188 931; x_wconf 85' lang='lat' dir='ltr'>fa-</span> 
     </span>
     <span class='ocr_line' id='line_1_13' title="bbox 362 960 690 1003; baseline 0.006 -2"><span class='ocrx_word' id='word_1_82' title='bbox 362 960 498 1002; x_wconf 84' lang='lat' dir='ltr'>bulam</span> <span class='ocrx_word' id='word_1_83' title='bbox 527 962 690 1003; x_wconf 83' lang='lat' dir='ltr'>feceris.</span> 
     </span>
    </p>

    <p class='ocr_par' dir='ltr' id='par_1_9' title="bbox 356 1036 2189 1608">
     <span class='ocr_line' id='line_1_14' title="bbox 473 1036 2189 1092; baseline 0.002 -17"><span class='ocrx_word' id='word_1_84' title='bbox 473 1036 537 1075; x_wconf 87' lang='grc'>60.</span> <span class='ocrx_word' id='word_1_85' title='bbox 575 1037 680 1086; x_wconf 70' lang='lat' dir='ltr'>Quid</span> <span class='ocrx_word' id='word_1_86' title='bbox 711 1037 899 1092; x_wconf 75' lang='lat' dir='ltr'>proderit</span> <span class='ocrx_word' id='word_1_87' title='bbox 935 1037 1083 1078; x_wconf 70' lang='lat' dir='ltr'>«litasse</span> <span class='ocrx_word' id='word_1_88' title='bbox 1120 1038 1309 1092; x_wconf 70' lang='lat' dir='ltr'>Pelz&#39;ynas</span> <span class='ocrx_word' id='word_1_89' title='bbox 1347 1052 1451 1079; x_wconf 80' lang='lat' dir='ltr'>anus</span> <span class='ocrx_word' id='word_1_90' title='bbox 1501 1038 1727 1079; x_wconf 65' lang='lat' dir='ltr'>Velocv&#39;usue</span> <span class='ocrx_word' id='word_1_91' title='bbox 1762 1039 1872 1079; x_wconf 73' lang='lat' dir='ltr'>misc.</span> <span class='ocrx_word' id='word_1_92' title='bbox 1916 1038 2103 1085; x_wconf 65' lang='lat' dir='ltr'>lom&#39;cum,</span> <span class='ocrx_word' id='word_1_93' title='bbox 2147 1038 2189 1079; x_wconf 65' lang='lat' dir='ltr'>Se</span> 
     </span>
     <span class='ocr_line' id='line_1_15' title="bbox 359 1109 2189 1165; baseline 0.002 -17"><span class='ocrx_word' id='word_1_94' title='bbox 359 1109 463 1149; x_wconf 74' lang='lat' dir='ltr'>tarcl.</span> <span class='ocrx_word' id='word_1_95' title='bbox 500 1110 553 1163; x_wconf 87' lang='lat' dir='ltr'>sa.</span> <span class='ocrx_word' id='word_1_96' title='bbox 596 1118 629 1150; x_wconf 81' lang='lat' dir='ltr'>te</span> <span class='ocrx_word' id='word_1_97' title='bbox 666 1125 730 1151; x_wconf 78' lang='lat' dir='ltr'>uo.</span> <span class='ocrx_word' id='word_1_98' title='bbox 770 1113 957 1152; x_wconf 77' lang='lat' dir='ltr'>manem?</span> <span class='ocrx_word' id='word_1_99' title='bbox 997 1125 1113 1152; x_wconf 76' lang='lat' dir='ltr'>anus.</span> <span class='ocrx_word' id='word_1_100' title='bbox 1175 1109 1278 1152; x_wconf 85' lang='lat' dir='ltr'>Sine</span> <span class='ocrx_word' id='word_1_101' title='bbox 1316 1125 1441 1152; x_wconf 84' lang='lat' dir='ltr'>causa</span> <span class='ocrx_word' id='word_1_102' title='bbox 1479 1111 1627 1165; x_wconf 86' lang='lat' dir='ltr'>inquit.</span> <span class='ocrx_word' id='word_1_103' title='bbox 1666 1110 1891 1165; x_wconf 83' lang='lat' dir='ltr'>magistras</span> <span class='ocrx_word' id='word_1_104' title='bbox 1930 1125 2045 1152; x_wconf 88' lang='lat' dir='ltr'>meas</span> <span class='ocrx_word' id='word_1_105' title='bbox 2085 1124 2189 1151; x_wconf 85' lang='lat' dir='ltr'>anus</span> 
     </span>
     <span class='ocr_line' id='line_1_16' title="bbox 358 1183 2186 1240; baseline 0.001 -17"><span class='ocrx_word' id='word_1_106' title='bbox 358 1197 496 1224; x_wconf 87' lang='lat' dir='ltr'>merce</span> <span class='ocrx_word' id='word_1_107' title='bbox 527 1183 670 1225; x_wconf 83' lang='lat' dir='ltr'>ditaui.</span> <span class='ocrx_word' id='word_1_108' title='bbox 702 1192 745 1225; x_wconf 86' lang='lat' dir='ltr'>ut</span> <span class='ocrx_word' id='word_1_109' title='bbox 778 1185 966 1226; x_wconf 85' lang='lat' dir='ltr'>carmina</span> <span class='ocrx_word' id='word_1_110' title='bbox 1010 1185 1216 1226; x_wconf 84' lang='lat' dir='ltr'>discerem</span> <span class='ocrx_word' id='word_1_111' title='bbox 1262 1184 1316 1224; x_wconf 87' lang='lat' dir='ltr'>ad</span> <span class='ocrx_word' id='word_1_112' title='bbox 1360 1199 1491 1225; x_wconf 89' lang='lat' dir='ltr'>nouos</span> <span class='ocrx_word' id='word_1_113' title='bbox 1536 1183 1702 1225; x_wconf 84' lang='lat' dir='ltr'>labores</span> <span class='ocrx_word' id='word_1_114' title='bbox 1744 1184 1949 1225; x_wconf 85' lang='lat' dir='ltr'>ferendos.</span> <span class='ocrx_word' id='word_1_115' title='bbox 1989 1184 2186 1240; x_wconf 72' lang='lat' dir='ltr'>peliqnas.</span> 
     </span>
     <span class='ocr_line' id='line_1_17' title="bbox 360 1254 2188 1313; baseline 0.001 -16"><span class='ocrx_word' id='word_1_116' title='bbox 360 1254 547 1298; x_wconf 83' lang='lat' dir='ltr'>Sabinas</span> <span class='ocrx_word' id='word_1_117' title='bbox 580 1273 603 1298; x_wconf 84' lang='lat' dir='ltr'>a</span> <span class='ocrx_word' id='word_1_118' title='bbox 635 1257 809 1313; x_wconf 82' lang='lat' dir='ltr'>peligno</span> <span class='ocrx_word' id='word_1_119' title='bbox 841 1266 981 1299; x_wconf 86' lang='lat' dir='ltr'>monte</span> <span class='ocrx_word' id='word_1_120' title='bbox 1013 1258 1082 1299; x_wconf 90' lang='lat' dir='ltr'>uel</span> <span class='ocrx_word' id='word_1_121' title='bbox 1112 1258 1165 1299; x_wconf 88' lang='lat' dir='ltr'>ab</span> <span class='ocrx_word' id='word_1_122' title='bbox 1199 1257 1356 1312; x_wconf 88' lang='lat' dir='ltr'>oppido</span> <span class='ocrx_word' id='word_1_123' title='bbox 1387 1257 1413 1297; x_wconf 93' lang='lat' dir='ltr'>i.</span> <span class='ocrx_word' id='word_1_124' title='bbox 1454 1257 1653 1313; x_wconf 81' lang='lat' dir='ltr'>magicas.</span> <span class='ocrx_word' id='word_1_125' title='bbox 1701 1283 1752 1288; x_wconf 88' lang='lat'>—-</span> <span class='ocrx_word' id='word_1_126' title='bbox 1801 1256 1918 1309; x_wconf 83' lang='lat' dir='ltr'>Quid</span> <span class='ocrx_word' id='word_1_127' title='bbox 1962 1257 2135 1313; x_wconf 80' lang='lat' dir='ltr'>prodest.</span> <span class='ocrx_word' id='word_1_128' title='bbox 2164 1272 2188 1299; x_wconf 94' lang='lat' dir='ltr'>o</span> 
     </span>
     <span class='ocr_line' id='line_1_18' title="bbox 357 1329 2188 1387; baseline 0.001 -18"><span class='ocrx_word' id='word_1_129' title='bbox 357 1329 434 1371; x_wconf 81' lang='lat' dir='ltr'>tibi</span> <span class='ocrx_word' id='word_1_130' title='bbox 465 1329 619 1372; x_wconf 84' lang='lat' dir='ltr'>Horati</span> <span class='ocrx_word' id='word_1_131' title='bbox 651 1331 892 1372; x_wconf 82' lang='lat' dir='ltr'>adhibuisse</span> <span class='ocrx_word' id='word_1_132' title='bbox 923 1331 1117 1387; x_wconf 86' lang='lat' dir='ltr'>pelignas</span> <span class='ocrx_word' id='word_1_133' title='bbox 1148 1346 1252 1372; x_wconf 87' lang='lat' dir='ltr'>anus</span> <span class='ocrx_word' id='word_1_134' title='bbox 1282 1331 1420 1386; x_wconf 85' lang='lat' dir='ltr'>magis</span> <span class='ocrx_word' id='word_1_135' title='bbox 1451 1331 1658 1387; x_wconf 85' lang='lat' dir='ltr'>(magnis)</span> <span class='ocrx_word' id='word_1_136' title='bbox 1702 1330 1967 1372; x_wconf 83' lang='lat' dir='ltr'>mercedibus</span> <span class='ocrx_word' id='word_1_137' title='bbox 2004 1345 2110 1385; x_wconf 88' lang='lat' dir='ltr'>quae</span> <span class='ocrx_word' id='word_1_138' title='bbox 2149 1338 2188 1371; x_wconf 91' lang='lat' dir='ltr'>te</span> 
     </span>
     <span class='ocr_line' id='line_1_19' title="bbox 356 1403 2188 1459; baseline -0.001 -13"><span class='ocrx_word' id='word_1_139' title='bbox 356 1404 613 1446; x_wconf 83' lang='lat' dir='ltr'>carminibus</span> <span class='ocrx_word' id='word_1_140' title='bbox 645 1405 729 1446; x_wconf 90' lang='lat' dir='ltr'>suis</span> <span class='ocrx_word' id='word_1_141' title='bbox 760 1420 784 1446; x_wconf 85' lang='lat' dir='ltr'>a</span> <span class='ocrx_word' id='word_1_142' title='bbox 814 1405 918 1446; x_wconf 84' lang='lat' dir='ltr'>meis</span> <span class='ocrx_word' id='word_1_143' title='bbox 949 1405 1166 1447; x_wconf 83' lang='lat' dir='ltr'>maleficiis</span> <span class='ocrx_word' id='word_1_144' title='bbox 1196 1405 1436 1446; x_wconf 81' lang='lat' dir='ltr'>liberarent.</span> <span class='ocrx_word' id='word_1_145' title='bbox 1468 1404 1534 1445; x_wconf 91' lang='lat' dir='ltr'>uel</span> <span class='ocrx_word' id='word_1_146' title='bbox 1567 1404 1668 1459; x_wconf 91' lang='lat' dir='ltr'>quid</span> <span class='ocrx_word' id='word_1_147' title='bbox 1698 1404 1854 1459; x_wconf 84' lang='lat' dir='ltr'>profuit</span> <span class='ocrx_word' id='word_1_148' title='bbox 1875 1404 1952 1446; x_wconf 91' lang='lat' dir='ltr'>tibi</span> <span class='ocrx_word' id='word_1_149' title='bbox 1973 1403 2188 1445; x_wconf 85' lang='lat' dir='ltr'>miscuisse</span> 
     </span>
     <span class='ocr_line' id='line_1_20' title="bbox 356 1477 2187 1534; baseline 0 -16"><span class='ocrx_word' id='word_1_150' title='bbox 356 1492 564 1519; x_wconf 89' lang='lat' dir='ltr'>uenenum</span> <span class='ocrx_word' id='word_1_151' title='bbox 597 1485 641 1520; x_wconf 89' lang='lat' dir='ltr'>ut</span> <span class='ocrx_word' id='word_1_152' title='bbox 671 1478 891 1520; x_wconf 77' lang='lat' dir='ltr'>moriaris?</span> <span class='ocrx_word' id='word_1_153' title='bbox 952 1480 1155 1521; x_wconf 76' lang='lat' dir='ltr'>Proderit.</span> <span class='ocrx_word' id='word_1_154' title='bbox 1188 1478 1356 1534; x_wconf 84' lang='lat' dir='ltr'>profuit.</span> <span class='ocrx_word' id='word_1_155' title='bbox 1394 1480 1552 1528; x_wconf 75' lang='lat' dir='ltr'>ditasse,</span> <span class='ocrx_word' id='word_1_156' title='bbox 1592 1494 1621 1520; x_wconf 91' lang='grc'>5.</span> <span class='ocrx_word' id='word_1_157' title='bbox 1654 1486 1705 1519; x_wconf 90' lang='grc'>16.</span> <span class='ocrx_word' id='word_1_158' title='bbox 1738 1480 1844 1519; x_wconf 71' lang='lat' dir='ltr'>vilae</span> <span class='ocrx_word' id='word_1_159' title='bbox 1875 1478 2039 1519; x_wconf 84' lang='lat' dir='ltr'>soluaut</span> <span class='ocrx_word' id='word_1_160' title='bbox 2071 1477 2187 1533; x_wconf 86' lang='lat' dir='ltr'>(sic).</span> 
     </span>
     <span class='ocr_line' id='line_1_21' title="bbox 359 1551 1997 1608; baseline -0.001 -16"><span class='ocrx_word' id='word_1_161' title='bbox 359 1552 555 1606; x_wconf 37' lang='lat' dir='ltr'>Peli-qaas.</span> <span class='ocrx_word' id='word_1_162' title='bbox 589 1567 613 1592; x_wconf 88' lang='lat' dir='ltr'>a</span> <span class='ocrx_word' id='word_1_163' title='bbox 643 1552 747 1593; x_wconf 87' lang='lat' dir='ltr'>loco.</span> <span class='ocrx_word' id='word_1_164' title='bbox 779 1567 896 1593; x_wconf 83' lang='lat' dir='ltr'>mons</span> <span class='ocrx_word' id='word_1_165' title='bbox 928 1559 999 1594; x_wconf 89' lang='lat' dir='ltr'>est.</span> <span class='ocrx_word' id='word_1_166' title='bbox 1032 1559 1076 1593; x_wconf 90' lang='lat' dir='ltr'>ut</span> <span class='ocrx_word' id='word_1_167' title='bbox 1107 1552 1317 1608; x_wconf 82' lang='lat' dir='ltr'>magicam</span> <span class='ocrx_word' id='word_1_168' title='bbox 1350 1551 1559 1593; x_wconf 86' lang='lat' dir='ltr'>discerent</span> <span class='ocrx_word' id='word_1_169' title='bbox 1591 1562 1661 1592; x_wconf 86' lang='lat' dir='ltr'>aut</span> <span class='ocrx_word' id='word_1_170' title='bbox 1692 1559 1776 1592; x_wconf 88' lang='lat' dir='ltr'>tute</span> <span class='ocrx_word' id='word_1_171' title='bbox 1808 1551 1997 1593; x_wconf 86' lang='lat' dir='ltr'>soluaris.</span> 
     </span>
    </p>

    <p class='ocr_par' dir='ltr' id='par_1_10' title="bbox 356 1624 2188 1756">
     <span class='ocr_line' id='line_1_22' title="bbox 470 1624 2188 1681; baseline 0 -16"><span class='ocrx_word' id='word_1_172' title='bbox 470 1626 534 1666; x_wconf 82' lang='lat'>61.</span> <span class='ocrx_word' id='word_1_173' title='bbox 567 1626 806 1668; x_wconf 70' lang='lat' dir='ltr'>velociusve.</span> <span class='ocrx_word' id='word_1_174' title='bbox 836 1641 913 1681; x_wconf 90' lang='lat' dir='ltr'>pro</span> <span class='ocrx_word' id='word_1_175' title='bbox 934 1626 1258 1667; x_wconf 87' lang='lat' dir='ltr'>uelocissimum.</span> <span class='ocrx_word' id='word_1_176' title='bbox 1290 1625 1497 1667; x_wconf 74' lang='lat' dir='ltr'>toxicum?</span> <span class='ocrx_word' id='word_1_177' title='bbox 1535 1624 1635 1680; x_wconf 87' lang='lat' dir='ltr'>(sic)</span> <span class='ocrx_word' id='word_1_178' title='bbox 1667 1624 1729 1666; x_wconf 81' lang='lat' dir='ltr'>Ut</span> <span class='ocrx_word' id='word_1_179' title='bbox 1749 1624 1954 1666; x_wconf 87' lang='lat' dir='ltr'>moriaris.</span> <span class='ocrx_word' id='word_1_180' title='bbox 1992 1625 2028 1665; x_wconf 90' lang='lat' dir='ltr'><em>T</em></span> <span class='ocrx_word' id='word_1_181' title='bbox 2027 1629 2188 1666; x_wconf 76' lang='lat' dir='ltr'>ooeicmn</span> 
     </span>
     <span class='ocr_line' id='line_1_23' title="bbox 356 1698 1693 1756; baseline -0.001 -16"><span class='ocrx_word' id='word_1_182' title='bbox 356 1706 418 1740; x_wconf 88' lang='lat' dir='ltr'>est</span> <span class='ocrx_word' id='word_1_183' title='bbox 447 1713 658 1740; x_wconf 90' lang='lat' dir='ltr'>uenenum</span> <span class='ocrx_word' id='word_1_184' title='bbox 689 1699 917 1741; x_wconf 75' lang='lat' dir='ltr'>efficax‘eo</span> <span class='ocrx_word' id='word_1_185' title='bbox 949 1699 1061 1754; x_wconf 88' lang='lat' dir='ltr'>quod</span> <span class='ocrx_word' id='word_1_186' title='bbox 1093 1699 1270 1756; x_wconf 84' lang='lat' dir='ltr'>sagittae</span> <span class='ocrx_word' id='word_1_187' title='bbox 1302 1699 1400 1739; x_wconf 90' lang='lat' dir='ltr'>inde</span> <span class='ocrx_word' id='word_1_188' title='bbox 1431 1698 1693 1754; x_wconf 82' lang='lat' dir='ltr'>tinguantur.</span> 
     </span>
    </p>

    <p class='ocr_par' dir='ltr' id='par_1_11' title="bbox 469 1771 2001 1831">
     <span class='ocr_line' id='line_1_24' title="bbox 469 1771 2001 1831; baseline 0 -18"><span class='ocrx_word' id='word_1_189' title='bbox 469 1774 533 1813; x_wconf 83' lang='grc'>62.</span> <span class='ocrx_word' id='word_1_190' title='bbox 567 1773 631 1815; x_wconf 78' lang='lat' dir='ltr'>Sec</span> <span class='ocrx_word' id='word_1_191' title='bbox 662 1774 857 1815; x_wconf 73' lang='lat' dir='ltr'>tardiora.</span> <span class='ocrx_word' id='word_1_192' title='bbox 917 1771 989 1813; x_wconf 87' lang='lat' dir='ltr'>Ad</span> <span class='ocrx_word' id='word_1_193' title='bbox 1020 1773 1099 1815; x_wconf 89' lang='grc'>1100</span> <span class='ocrx_word' id='word_1_194' title='bbox 1130 1773 1359 1831; x_wconf 86' lang='lat' dir='ltr'>reseruaris</span> <span class='ocrx_word' id='word_1_195' title='bbox 1389 1779 1435 1813; x_wconf 91' lang='lat' dir='ltr'>ut</span> <span class='ocrx_word' id='word_1_196' title='bbox 1464 1772 1625 1814; x_wconf 86' lang='lat' dir='ltr'>maiora</span> <span class='ocrx_word' id='word_1_197' title='bbox 1655 1772 1747 1814; x_wconf 86' lang='lat' dir='ltr'>luas</span> <span class='ocrx_word' id='word_1_198' title='bbox 1779 1771 2001 1827; x_wconf 87' lang='lat' dir='ltr'>supplicia.</span> 
     </span>
    </p>
   </div>
   <div class='ocr_carea' id='block_1_5' title="bbox 345 1938 2187 3221">
    <p class='ocr_par' dir='ltr' id='par_1_12' title="bbox 345 1938 2187 3221">
     <span class='ocr_line' id='line_1_25' title="bbox 470 1938 2186 1983; baseline 0.001 -14"><span class='ocrx_word' id='word_1_199' title='bbox 470 1941 503 1980; x_wconf 83' lang='lat'>1)</span> <span class='ocrx_word' id='word_1_200' title='bbox 527 1941 658 1980; x_wconf 67' lang='lat' dir='ltr'>uulyata.</span> <span class='ocrx_word' id='word_1_201' title='bbox 684 1949 702 1969; x_wconf 83' lang='lat' dir='ltr'>a</span> <span class='ocrx_word' id='word_1_202' title='bbox 727 1944 759 1970; x_wconf 87' lang='lat' dir='ltr'>te</span> <span class='ocrx_word' id='word_1_203' title='bbox 785 1940 847 1983; x_wconf 77' lang='grc' dir='ltr'>Βφ.</span> <span class='ocrx_word' id='word_1_204' title='bbox 874 1940 970 1970; x_wconf 74' lang='lat' dir='ltr'>liberi.</span> <span class='ocrx_word' id='word_1_205' title='bbox 997 1942 1072 1979; x_wconf 86' lang='lat' dir='ltr'>quia</span> <span class='ocrx_word' id='word_1_206' title='bbox 1096 1941 1177 1970; x_wconf 86' lang='lat' dir='ltr'>nulli</span> <span class='ocrx_word' id='word_1_207' title='bbox 1205 1944 1252 1970; x_wconf 80' lang='lat' dir='ltr'>est</span> <span class='ocrx_word' id='word_1_208' title='bbox 1280 1941 1440 1969; x_wconf 79' lang='lat' dir='ltr'>obnoxius</span> <span class='ocrx_word' id='word_1_209' title='bbox 1466 1939 1527 1981; x_wconf 80' lang='grc' dir='ltr'>Βφ.</span> <span class='ocrx_word' id='word_1_210' title='bbox 1578 1938 1613 1978; x_wconf 82' lang='grc'>2)</span> <span class='ocrx_word' id='word_1_211' title='bbox 1640 1938 1683 1969; x_wconf 89' lang='lat' dir='ltr'>C:</span> <span class='ocrx_word' id='word_1_212' title='bbox 1711 1938 1869 1978; x_wconf 64' lang='lat' dir='ltr'>Esquilini.</span> <span class='ocrx_word' id='word_1_213' title='bbox 1895 1939 2069 1978; x_wconf 75' lang='lat' dir='ltr'>Esquilinus</span> <span class='ocrx_word' id='word_1_214' title='bbox 2094 1949 2186 1970; x_wconf 85' lang='lat' dir='ltr'>mous</span> 
     </span>
     <span class='ocr_line' id='line_1_26' title="bbox 351 1995 2186 2036; baseline -0.001 -9"><span class='ocrx_word' id='word_1_215' title='bbox 351 1997 416 2033; x_wconf 72' lang='lat' dir='ltr'>fuit,</span> <span class='ocrx_word' id='word_1_216' title='bbox 444 1998 497 2027; x_wconf 88' lang='lat' dir='ltr'>ubi</span> <span class='ocrx_word' id='word_1_217' title='bbox 517 1998 758 2035; x_wconf 85' lang='lat' dir='ltr'>sepeliebantur</span> <span class='ocrx_word' id='word_1_218' title='bbox 776 1998 933 2027; x_wconf 83' lang='lat' dir='ltr'>cadauera</span> <span class='ocrx_word' id='word_1_219' title='bbox 949 2002 1147 2027; x_wconf 86' lang='lat' dir='ltr'>mortuorum</span> <span class='ocrx_word' id='word_1_220' title='bbox 1165 2008 1226 2036; x_wconf 85' lang='lat' dir='ltr'>quo</span> <span class='ocrx_word' id='word_1_221' title='bbox 1244 2007 1274 2036; x_wconf 86' lang='lat' dir='ltr'>p.</span> <span class='ocrx_word' id='word_1_222' title='bbox 1295 2007 1323 2036; x_wconf 89' lang='lat' dir='ltr'>q.</span> <span class='ocrx_word' id='word_1_223' title='bbox 1348 2007 1378 2026; x_wconf 93' lang='grc'>11.</span> <span class='ocrx_word' id='word_1_224' title='bbox 1398 2007 1425 2026; x_wconf 86' lang='lat' dir='ltr'>a.</span> <span class='ocrx_word' id='word_1_225' title='bbox 1446 1997 1601 2025; x_wconf 83' lang='lat' dir='ltr'>excitare.</span> <span class='ocrx_word' id='word_1_226' title='bbox 1622 2001 1680 2026; x_wconf 86' lang='lat' dir='ltr'>etc.</span> <span class='ocrx_word' id='word_1_227' title='bbox 1729 1997 1765 2035; x_wconf 80' lang='grc'>4)</span> <span class='ocrx_word' id='word_1_228' title='bbox 1778 1995 1925 2034; x_wconf 64' lang='lat' dir='ltr'>pomifer.</span> <span class='ocrx_word' id='word_1_229' title='bbox 1945 1995 2102 2026; x_wconf 79' lang='lat' dir='ltr'>Ostendit</span> <span class='ocrx_word' id='word_1_230' title='bbox 2119 2005 2136 2025; x_wconf 86' lang='lat' dir='ltr'>a</span> <span class='ocrx_word' id='word_1_231' title='bbox 2154 2006 2186 2026; x_wconf 84' lang='lat' dir='ltr'>se</span> 
     </span>
     <span class='ocr_line' id='line_1_27' title="bbox 353 2053 2187 2093; baseline 0 -11"><span class='ocrx_word' id='word_1_232' title='bbox 353 2054 536 2092; x_wconf 85' lang='lat' dir='ltr'>pontificem</span> <span class='ocrx_word' id='word_1_233' title='bbox 563 2055 779 2084; x_wconf 86' lang='lat' dir='ltr'>constitutum</span> <span class='ocrx_word' id='word_1_234' title='bbox 805 2063 874 2083; x_wconf 81' lang='lat' dir='ltr'>esse</span> <span class='ocrx_word' id='word_1_235' title='bbox 898 2054 1059 2084; x_wconf 82' lang='lat' dir='ltr'>horatium</span> <span class='ocrx_word' id='word_1_236' title='bbox 1082 2063 1242 2084; x_wconf 78' lang='lat' dir='ltr'>sacrorum</span> <span class='ocrx_word' id='word_1_237' title='bbox 1266 2053 1464 2093; x_wconf 68' lang='lat' dir='ltr'>infernalium</span> <span class='ocrx_word' id='word_1_238' title='bbox 1489 2062 1568 2092; x_wconf 88' lang='lat' dir='ltr'>quae</span> <span class='ocrx_word' id='word_1_239' title='bbox 1594 2057 1670 2082; x_wconf 86' lang='lat' dir='ltr'>ante</span> <span class='ocrx_word' id='word_1_240' title='bbox 1696 2056 1807 2091; x_wconf 87' lang='lat' dir='ltr'>portas</span> <span class='ocrx_word' id='word_1_241' title='bbox 1839 2053 2030 2090; x_wconf 78' lang='lat' dir='ltr'>aesquilinas</span> <span class='ocrx_word' id='word_1_242' title='bbox 2064 2053 2187 2082; x_wconf 86' lang='lat' dir='ltr'>fiebant</span> 
     </span>
     <span class='ocr_line' id='line_1_28' title="bbox 352 2107 2184 2153; baseline -0.001 -13"><span class='ocrx_word' id='word_1_243' title='bbox 352 2111 405 2140; x_wconf 89' lang='lat' dir='ltr'>ubi</span> <span class='ocrx_word' id='word_1_244' title='bbox 423 2120 561 2149; x_wconf 83' lang='lat' dir='ltr'>aggeres</span> <span class='ocrx_word' id='word_1_245' title='bbox 579 2111 822 2149; x_wconf 84' lang='lat' dir='ltr'>sepulchrorum</span> <span class='ocrx_word' id='word_1_246' title='bbox 842 2115 943 2140; x_wconf 85' lang='lat' dir='ltr'>erant.</span> <span class='ocrx_word' id='word_1_247' title='bbox 962 2110 1023 2153; x_wconf 71' lang='grc' dir='ltr'>Βερ.</span> <span class='ocrx_word' id='word_1_248' title='bbox 1073 2111 1108 2149; x_wconf 82' lang='grc'>8)</span> <span class='ocrx_word' id='word_1_249' title='bbox 1127 2110 1257 2149; x_wconf 69' lang='lat' dir='ltr'>uenefici.</span> <span class='ocrx_word' id='word_1_250' title='bbox 1276 2120 1332 2148; x_wconf 86' lang='lat' dir='ltr'>pro</span> <span class='ocrx_word' id='word_1_251' title='bbox 1350 2111 1495 2140; x_wconf 81' lang='lat' dir='ltr'>ueneficii</span> <span class='ocrx_word' id='word_1_252' title='bbox 1512 2111 1563 2153; x_wconf 76' lang='grc' dir='ltr'>Βφ</span> <span class='ocrx_word' id='word_1_253' title='bbox 1582 2115 1613 2140; x_wconf 86' lang='grc'>61</span> <span class='ocrx_word' id='word_1_254' title='bbox 1631 2109 1655 2139; x_wconf 86' lang='lat' dir='ltr'>C</span> <span class='ocrx_word' id='word_1_255' title='bbox 1674 2111 1728 2148; x_wconf 84' lang='lat' dir='ltr'>qui</span> <span class='ocrx_word' id='word_1_256' title='bbox 1746 2109 1853 2138; x_wconf 84' lang='lat' dir='ltr'>addit:</span> <span class='ocrx_word' id='word_1_257' title='bbox 1881 2119 1937 2147; x_wconf 87' lang='lat' dir='ltr'>per</span> <span class='ocrx_word' id='word_1_258' title='bbox 1954 2107 2135 2152; x_wconf 80' lang='grc' dir='ltr'>ἀποκοπὴν.</span> <span class='ocrx_word' id='word_1_259' title='bbox 2153 2119 2184 2139; x_wconf 87' lang='grc'>11.</span> 
     </span>
     <span class='ocr_line' id='line_1_29' title="bbox 353 2166 2185 2210; baseline -0.001 -14"><span class='ocrx_word' id='word_1_260' title='bbox 353 2168 405 2197; x_wconf 83' lang='grc'>59.</span> <span class='ocrx_word' id='word_1_261' title='bbox 431 2167 556 2196; x_wconf 77' lang='lat' dir='ltr'>nomine.</span> <span class='ocrx_word' id='word_1_262' title='bbox 584 2177 638 2205; x_wconf 89' lang='lat' dir='ltr'>pro</span> <span class='ocrx_word' id='word_1_263' title='bbox 664 2167 799 2197; x_wconf 84' lang='lat' dir='ltr'>infamia</span> <span class='ocrx_word' id='word_1_264' title='bbox 824 2167 888 2210; x_wconf 75' lang='grc' dir='ltr'>Βφ.</span> <span class='ocrx_word' id='word_1_265' title='bbox 937 2168 972 2206; x_wconf 90' lang='grc'>9)</span> <span class='ocrx_word' id='word_1_266' title='bbox 1000 2167 1040 2197; x_wconf 75' lang='lat' dir='ltr'>C:</span> <span class='ocrx_word' id='word_1_267' title='bbox 1068 2168 1188 2206; x_wconf 74' lang='lat' dir='ltr'>Impune</span> <span class='ocrx_word' id='word_1_268' title='bbox 1212 2171 1244 2196; x_wconf 79' lang='lat' dir='ltr'>ut</span> <span class='ocrx_word' id='word_1_269' title='bbox 1265 2167 1369 2197; x_wconf 73' lang='lat' dir='ltr'>urbem</span> <span class='ocrx_word' id='word_1_270' title='bbox 1394 2168 1414 2197; x_wconf 95' lang='lat' dir='ltr'>i.</span> <span class='ocrx_word' id='word_1_271' title='bbox 1441 2168 1512 2196; x_wconf 86' lang='lat' dir='ltr'>sine</span> <span class='ocrx_word' id='word_1_272' title='bbox 1536 2167 1599 2196; x_wconf 79' lang='lat' dir='ltr'>ulla</span> <span class='ocrx_word' id='word_1_273' title='bbox 1624 2166 1774 2195; x_wconf 79' lang='lat' dir='ltr'>vindicta</span> <span class='ocrx_word' id='word_1_274' title='bbox 1797 2166 1947 2205; x_wconf 76' lang='lat' dir='ltr'>mayicam</span> <span class='ocrx_word' id='word_1_275' title='bbox 1971 2170 2066 2195; x_wconf 77' lang='lat' dir='ltr'>artem</span> <span class='ocrx_word' id='word_1_276' title='bbox 2090 2170 2185 2204; x_wconf 73' lang='lat' dir='ltr'>etpa-</span> 
     </span>
     <span class='ocr_line' id='line_1_30' title="bbox 351 2220 2184 2261; baseline 0.001 -10"><span class='ocrx_word' id='word_1_277' title='bbox 351 2222 462 2261; x_wconf 75' lang='lat' dir='ltr'>tesacta</span> <span class='ocrx_word' id='word_1_278' title='bbox 486 2223 540 2252; x_wconf 78' lang='lat' dir='ltr'>tihi</span> <span class='ocrx_word' id='word_1_279' title='bbox 562 2233 581 2252; x_wconf 89' lang='lat' dir='ltr'>a</span> <span class='ocrx_word' id='word_1_280' title='bbox 606 2233 650 2252; x_wconf 87' lang='lat' dir='ltr'>me</span> <span class='ocrx_word' id='word_1_281' title='bbox 674 2227 788 2252; x_wconf 77' lang='lat' dir='ltr'>secreta</span> <span class='ocrx_word' id='word_1_282' title='bbox 812 2228 842 2253; x_wconf 76' lang='lat' dir='ltr'>ca</span> <span class='ocrx_word' id='word_1_283' title='bbox 866 2233 902 2253; x_wconf 76' lang='lat' dir='ltr'>ne</span> <span class='ocrx_word' id='word_1_284' title='bbox 927 2223 1081 2259; x_wconf 73' lang='lat' dir='ltr'>deriseris,</span> <span class='ocrx_word' id='word_1_285' title='bbox 1108 2230 1134 2252; x_wconf 77' lang='lat' dir='ltr'>ez</span> <span class='ocrx_word' id='word_1_286' title='bbox 1158 2234 1208 2253; x_wconf 86' lang='lat' dir='ltr'>me</span> <span class='ocrx_word' id='word_1_287' title='bbox 1234 2224 1322 2252; x_wconf 78' lang='lat' dir='ltr'>urbis</span> <span class='ocrx_word' id='word_1_288' title='bbox 1348 2223 1492 2253; x_wconf 84' lang='lat' dir='ltr'>fabulam</span> <span class='ocrx_word' id='word_1_289' title='bbox 1518 2220 1659 2253; x_wconf 79' lang='lat' dir='ltr'>feceris?</span> <span class='ocrx_word' id='word_1_290' title='bbox 1708 2223 1861 2252; x_wconf 77' lang='lat' dir='ltr'>Proderat</span> <span class='ocrx_word' id='word_1_291' title='bbox 1890 2222 1920 2251; x_wconf 91' lang='lat' dir='ltr'><strong>K</strong></span> <span class='ocrx_word' id='word_1_292' title='bbox 1946 2223 2044 2253; x_wconf 89' lang='lat' dir='ltr'>Bern.</span> <span class='ocrx_word' id='word_1_293' title='bbox 2070 2232 2133 2252; x_wconf 91' lang='lat' dir='ltr'>non</span> <span class='ocrx_word' id='word_1_294' title='bbox 2160 2222 2184 2252; x_wconf 89' lang='lat' dir='ltr'>C</span> 
     </span>
     <span class='ocr_line' id='line_1_31' title="bbox 350 2279 2184 2318; baseline 0 -10"><span class='ocrx_word' id='word_1_295' title='bbox 350 2283 385 2308; x_wconf 89' lang='lat' dir='ltr'>ut</span> <span class='ocrx_word' id='word_1_296' title='bbox 412 2279 465 2309; x_wconf 88' lang='lat' dir='ltr'>Or.</span> <span class='ocrx_word' id='word_1_297' title='bbox 492 2279 578 2317; x_wconf 66' lang='lat' dir='ltr'>rofi).</span> <span class='ocrx_word' id='word_1_298' title='bbox 606 2279 631 2308; x_wconf 85' lang='lat' dir='ltr'>E</span> <span class='ocrx_word' id='word_1_299' title='bbox 657 2289 719 2309; x_wconf 89' lang='lat' dir='ltr'>non</span> <span class='ocrx_word' id='word_1_300' title='bbox 745 2289 822 2317; x_wconf 86' lang='lat' dir='ltr'>pure</span> <span class='ocrx_word' id='word_1_301' title='bbox 848 2280 947 2309; x_wconf 86' lang='lat' dir='ltr'>habet</span> <span class='ocrx_word' id='word_1_302' title='bbox 973 2280 1133 2318; x_wconf 75' lang='lat' dir='ltr'>proderat,</span> <span class='ocrx_word' id='word_1_303' title='bbox 1159 2284 1195 2309; x_wconf 91' lang='lat' dir='ltr'>ut</span> <span class='ocrx_word' id='word_1_304' title='bbox 1220 2280 1380 2309; x_wconf 86' lang='lat' dir='ltr'>Vanderb.</span> <span class='ocrx_word' id='word_1_305' title='bbox 1412 2284 1443 2309; x_wconf 89' lang='lat' dir='ltr'>et</span> <span class='ocrx_word' id='word_1_306' title='bbox 1458 2280 1594 2309; x_wconf 87' lang='lat' dir='ltr'>Pottier.</span> <span class='ocrx_word' id='word_1_307' title='bbox 1620 2279 1825 2317; x_wconf 76' lang='lat' dir='ltr'>rettulerunt,</span> <span class='ocrx_word' id='word_1_308' title='bbox 1853 2280 1907 2308; x_wconf 79' lang='lat' dir='ltr'>sed</span> <span class='ocrx_word' id='word_1_309' title='bbox 1920 2279 2071 2317; x_wconf 68' lang='lat' dir='ltr'>proderat</span> <span class='ocrx_word' id='word_1_310' title='bbox 2089 2279 2123 2317; x_wconf 84' lang='lat'>(1</span> <span class='ocrx_word' id='word_1_311' title='bbox 2142 2289 2184 2308; x_wconf 90' lang='lat' dir='ltr'>m.</span> 
     </span>
     <span class='ocr_line' id='line_1_32' title="bbox 348 2335 2184 2379; baseline 0.001 -16"><span class='ocrx_word' id='word_1_312' title='bbox 348 2340 426 2364; x_wconf 81' lang='lat' dir='ltr'>mut.</span> <span class='ocrx_word' id='word_1_313' title='bbox 453 2346 471 2365; x_wconf 87' lang='lat' dir='ltr'>a</span> <span class='ocrx_word' id='word_1_314' title='bbox 489 2336 522 2365; x_wconf 88' lang='lat' dir='ltr'>in</span> <span class='ocrx_word' id='word_1_315' title='bbox 537 2336 576 2374; x_wconf 87' lang='lat' dir='ltr'>i).</span> <span class='ocrx_word' id='word_1_316' title='bbox 603 2335 744 2373; x_wconf 85' lang='lat' dir='ltr'>Magdal.</span> <span class='ocrx_word' id='word_1_317' title='bbox 772 2335 802 2373; x_wconf 71' lang='grc' dir='ltr'>(ν</span> <span class='ocrx_word' id='word_1_318' title='bbox 818 2336 890 2374; x_wconf 87' lang='lat' dir='ltr'>Or.)</span> <span class='ocrx_word' id='word_1_319' title='bbox 918 2336 1080 2373; x_wconf 74' lang='lat' dir='ltr'>proderat,</span> <span class='ocrx_word' id='word_1_320' title='bbox 1106 2346 1123 2364; x_wconf 83' lang='lat' dir='ltr'>a</span> <span class='ocrx_word' id='word_1_321' title='bbox 1151 2336 1292 2365; x_wconf 89' lang='lat' dir='ltr'>secunda</span> <span class='ocrx_word' id='word_1_322' title='bbox 1316 2346 1422 2372; x_wconf 87' lang='lat' dir='ltr'>manu,</span> <span class='ocrx_word' id='word_1_323' title='bbox 1449 2340 1533 2366; x_wconf 83' lang='lat' dir='ltr'>teste</span> <span class='ocrx_word' id='word_1_324' title='bbox 1559 2337 1658 2366; x_wconf 83' lang='lat' dir='ltr'>etiam</span> <span class='ocrx_word' id='word_1_325' title='bbox 1675 2336 1887 2373; x_wconf 83' lang='lat' dir='ltr'>Babingtone.</span> <span class='ocrx_word' id='word_1_326' title='bbox 1914 2336 1983 2379; x_wconf 73' lang='grc' dir='ltr'>Βφε</span> <span class='ocrx_word' id='word_1_327' title='bbox 2015 2335 2094 2369; x_wconf 68' lang='lat' dir='ltr'>Quid</span> <span class='ocrx_word' id='word_1_328' title='bbox 2110 2344 2184 2374; x_wconf 76' lang='lat' dir='ltr'>pro-</span> 
     </span>
     <span class='ocr_line' id='line_1_33' title="bbox 348 2391 2184 2431; baseline 0.001 -10"><span class='ocrx_word' id='word_1_329' title='bbox 348 2391 436 2422; x_wconf 77' lang='lat' dir='ltr'>derit.</span> <span class='ocrx_word' id='word_1_330' title='bbox 464 2391 551 2427; x_wconf 83' lang='lat' dir='ltr'>Quid</span> <span class='ocrx_word' id='word_1_331' title='bbox 576 2393 681 2431; x_wconf 86' lang='lat' dir='ltr'>inquit</span> <span class='ocrx_word' id='word_1_332' title='bbox 708 2393 850 2430; x_wconf 85' lang='lat' dir='ltr'>proderit</span> <span class='ocrx_word' id='word_1_333' title='bbox 876 2393 938 2422; x_wconf 84' lang='lat' dir='ltr'>tibi</span> <span class='ocrx_word' id='word_1_334' title='bbox 965 2393 1071 2422; x_wconf 87' lang='lat' dir='ltr'>horati</span> <span class='ocrx_word' id='word_1_335' title='bbox 1097 2393 1252 2422; x_wconf 83' lang='lat' dir='ltr'>habuisse</span> <span class='ocrx_word' id='word_1_336' title='bbox 1278 2394 1404 2431; x_wconf 85' lang='lat' dir='ltr'>magnis</span> <span class='ocrx_word' id='word_1_337' title='bbox 1440 2393 1643 2422; x_wconf 80' lang='lat' dir='ltr'>mercedibus</span> <span class='ocrx_word' id='word_1_338' title='bbox 1675 2402 1756 2422; x_wconf 85' lang='lat' dir='ltr'>anus</span> <span class='ocrx_word' id='word_1_339' title='bbox 1788 2393 1950 2422; x_wconf 79' lang='lat' dir='ltr'>ueneficas</span> <span class='ocrx_word' id='word_1_340' title='bbox 1984 2393 2022 2422; x_wconf 87' lang='lat' dir='ltr'>de</span> <span class='ocrx_word' id='word_1_341' title='bbox 2054 2393 2184 2431; x_wconf 85' lang='lat' dir='ltr'>peligno</span> 
     </span>
     <span class='ocr_line' id='line_1_34' title="bbox 348 2450 2182 2487; baseline 0 -9"><span class='ocrx_word' id='word_1_342' title='bbox 348 2450 467 2487; x_wconf 88' lang='lat' dir='ltr'>oppido</span> <span class='ocrx_word' id='word_1_343' title='bbox 493 2450 672 2479; x_wconf 81' lang='lat' dir='ltr'>conductas</span> <span class='ocrx_word' id='word_1_344' title='bbox 698 2459 779 2487; x_wconf 84' lang='lat' dir='ltr'>quae</span> <span class='ocrx_word' id='word_1_345' title='bbox 804 2450 972 2479; x_wconf 86' lang='lat' dir='ltr'>ueneficiis</span> <span class='ocrx_word' id='word_1_346' title='bbox 999 2450 1065 2479; x_wconf 74' lang='lat' dir='ltr'>suis</span> <span class='ocrx_word' id='word_1_347' title='bbox 1092 2455 1123 2479; x_wconf 87' lang='lat' dir='ltr'>te</span> <span class='ocrx_word' id='word_1_348' title='bbox 1149 2450 1326 2479; x_wconf 82' lang='lat' dir='ltr'>liberarent</span> <span class='ocrx_word' id='word_1_349' title='bbox 1352 2460 1370 2479; x_wconf 86' lang='lat' dir='ltr'>a</span> <span class='ocrx_word' id='word_1_350' title='bbox 1395 2451 1476 2479; x_wconf 84' lang='lat' dir='ltr'>meis</span> <span class='ocrx_word' id='word_1_351' title='bbox 1508 2450 1785 2479; x_wconf 80' lang='lat' dir='ltr'>incantationibus</span> <span class='ocrx_word' id='word_1_352' title='bbox 1818 2458 1898 2487; x_wconf 86' lang='lat' dir='ltr'>quae</span> <span class='ocrx_word' id='word_1_353' title='bbox 1931 2450 2053 2479; x_wconf 86' lang='lat' dir='ltr'>maiora</span> <span class='ocrx_word' id='word_1_354' title='bbox 2078 2450 2182 2478; x_wconf 84' lang='lat' dir='ltr'>adhuc</span> 
     </span>
     <span class='ocr_line' id='line_1_35' title="bbox 348 2505 2184 2544; baseline 0.001 -9"><span class='ocrx_word' id='word_1_355' title='bbox 348 2505 455 2535; x_wconf 84' lang='lat' dir='ltr'>facere</span> <span class='ocrx_word' id='word_1_356' title='bbox 480 2515 622 2543; x_wconf 88' lang='lat' dir='ltr'>possum.</span> <span class='ocrx_word' id='word_1_357' title='bbox 659 2505 834 2535; x_wconf 70' lang='lat' dir='ltr'>l&#39;elociusae.</span> <span class='ocrx_word' id='word_1_358' title='bbox 862 2505 1018 2535; x_wconf 80' lang='lat' dir='ltr'>Ostendit</span> <span class='ocrx_word' id='word_1_359' title='bbox 1045 2507 1205 2535; x_wconf 84' lang='lat' dir='ltr'>horatium</span> <span class='ocrx_word' id='word_1_360' title='bbox 1230 2507 1377 2535; x_wconf 74' lang='lat' dir='ltr'>toxicum</span> <span class='ocrx_word' id='word_1_361' title='bbox 1403 2507 1571 2535; x_wconf 74' lang='lat' dir='ltr'>miscuisse</span> <span class='ocrx_word' id='word_1_362' title='bbox 1597 2507 1663 2535; x_wconf 69' lang='grc'>51115</span> <span class='ocrx_word' id='word_1_363' title='bbox 1690 2507 1874 2543; x_wconf 83' lang='lat' dir='ltr'>potionibus</span> <span class='ocrx_word' id='word_1_364' title='bbox 1908 2515 1963 2543; x_wconf 90' lang='lat' dir='ltr'>per</span> <span class='ocrx_word' id='word_1_365' title='bbox 1987 2507 2070 2544; x_wconf 92' lang='lat' dir='ltr'>quod</span> <span class='ocrx_word' id='word_1_366' title='bbox 2096 2507 2184 2536; x_wconf 81' lang='lat' dir='ltr'>uelo-</span> 
     </span>
     <span class='ocr_line' id='line_1_36' title="bbox 348 2562 2184 2601; baseline 0 -10"><span class='ocrx_word' id='word_1_367' title='bbox 348 2563 465 2591; x_wconf 75' lang='lat' dir='ltr'>ciorern</span> <span class='ocrx_word' id='word_1_368' title='bbox 491 2566 624 2591; x_wconf 82' lang='lat' dir='ltr'>mortem</span> <span class='ocrx_word' id='word_1_369' title='bbox 651 2563 714 2592; x_wconf 85' lang='lat' dir='ltr'>sibi</span> <span class='ocrx_word' id='word_1_370' title='bbox 740 2566 924 2591; x_wconf 67' lang='lat' dir='ltr'>arcesseret.</span> <span class='ocrx_word' id='word_1_371' title='bbox 959 2562 1034 2591; x_wconf 63' lang='lat' dir='ltr'>172ch</span> <span class='ocrx_word' id='word_1_372' title='bbox 1059 2563 1136 2591; x_wconf 76' lang='lat' dir='ltr'>tuis.</span> <span class='ocrx_word' id='word_1_373' title='bbox 1157 2562 1200 2592; x_wconf 83' lang='lat' dir='ltr'>C:</span> <span class='ocrx_word' id='word_1_374' title='bbox 1231 2563 1310 2596; x_wconf 68' lang='lat' dir='ltr'>Quid</span> <span class='ocrx_word' id='word_1_375' title='bbox 1329 2563 1478 2601; x_wconf 75' lang='lat' dir='ltr'>proderit.</span> <span class='ocrx_word' id='word_1_376' title='bbox 1505 2563 1537 2591; x_wconf 88' lang='lat' dir='ltr'>id</span> <span class='ocrx_word' id='word_1_377' title='bbox 1564 2568 1623 2599; x_wconf 75' lang='lat' dir='ltr'>est,</span> <span class='ocrx_word' id='word_1_378' title='bbox 1651 2563 1728 2600; x_wconf 79' lang='lat' dir='ltr'>quid</span> <span class='ocrx_word' id='word_1_379' title='bbox 1754 2563 1906 2599; x_wconf 69' lang='lat' dir='ltr'>prodesse</span> <span class='ocrx_word' id='word_1_380' title='bbox 1931 2563 2049 2600; x_wconf 85' lang='lat' dir='ltr'>poterit</span> <span class='ocrx_word' id='word_1_381' title='bbox 2075 2563 2102 2592; x_wconf 91' lang='lat' dir='ltr'>si</span> <span class='ocrx_word' id='word_1_382' title='bbox 2129 2563 2184 2591; x_wconf 85' lang='lat' dir='ltr'>ad-</span> 
     </span>
     <span class='ocr_line' id='line_1_37' title="bbox 349 2618 2184 2658; baseline -0.001 -10"><span class='ocrx_word' id='word_1_383' title='bbox 349 2619 460 2648; x_wconf 86' lang='lat' dir='ltr'>hibeas</span> <span class='ocrx_word' id='word_1_384' title='bbox 485 2619 547 2648; x_wconf 88' lang='lat' dir='ltr'>tibi</span> <span class='ocrx_word' id='word_1_385' title='bbox 573 2627 688 2656; x_wconf 83' lang='lat' dir='ltr'>magno</span> <span class='ocrx_word' id='word_1_386' title='bbox 715 2619 819 2656; x_wconf 86' lang='lat' dir='ltr'>pretio</span> <span class='ocrx_word' id='word_1_387' title='bbox 845 2618 988 2657; x_wconf 69' lang='lat' dir='ltr'>I&#39;elz&#39;yvzas</span> <span class='ocrx_word' id='word_1_388' title='bbox 1012 2618 1154 2658; x_wconf 74' lang='lat' dir='ltr'>mayicas,</span> <span class='ocrx_word' id='word_1_389' title='bbox 1182 2623 1216 2647; x_wconf 82' lang='lat' dir='ltr'>ut</span> <span class='ocrx_word' id='word_1_390' title='bbox 1242 2624 1276 2648; x_wconf 85' lang='lat' dir='ltr'>tu</span> <span class='ocrx_word' id='word_1_391' title='bbox 1303 2620 1428 2648; x_wconf 83' lang='lat' dir='ltr'>solutus</span> <span class='ocrx_word' id='word_1_392' title='bbox 1455 2629 1471 2647; x_wconf 83' lang='lat' dir='ltr'>a</span> <span class='ocrx_word' id='word_1_393' title='bbox 1499 2620 1672 2656; x_wconf 68' lang='lat' dir='ltr'>dementia,</span> <span class='ocrx_word' id='word_1_394' title='bbox 1712 2620 1854 2648; x_wconf 80' lang='lat' dir='ltr'>uelocius</span> <span class='ocrx_word' id='word_1_395' title='bbox 1881 2619 2035 2655; x_wconf 83' lang='lat' dir='ltr'>moriaris,</span> <span class='ocrx_word' id='word_1_396' title='bbox 2063 2618 2091 2648; x_wconf 85' lang='lat' dir='ltr'>si</span> <span class='ocrx_word' id='word_1_397' title='bbox 2116 2618 2184 2649; x_wconf 80' lang='lat' dir='ltr'>fata</span> 
     </span>
     <span class='ocr_line' id='line_1_38' title="bbox 349 2672 2181 2714; baseline 0 -10"><span class='ocrx_word' id='word_1_398' title='bbox 349 2685 411 2704; x_wconf 86' lang='lat' dir='ltr'>non</span> <span class='ocrx_word' id='word_1_399' title='bbox 438 2672 651 2713; x_wconf 78' lang='lat' dir='ltr'>permittant?</span> <span class='ocrx_word' id='word_1_400' title='bbox 705 2674 760 2713; x_wconf 85' lang='lat'>11)</span> <span class='ocrx_word' id='word_1_401' title='bbox 787 2674 948 2704; x_wconf 76' lang='lat' dir='ltr'>miscuisse.</span> <span class='ocrx_word' id='word_1_402' title='bbox 976 2680 1012 2705; x_wconf 84' lang='lat' dir='ltr'>ut</span> <span class='ocrx_word' id='word_1_403' title='bbox 1036 2676 1182 2705; x_wconf 83' lang='lat' dir='ltr'>moriaris</span> <span class='ocrx_word' id='word_1_404' title='bbox 1202 2674 1236 2704; x_wconf 88' lang='lat' dir='ltr'>C.</span> <span class='ocrx_word' id='word_1_405' title='bbox 1265 2674 1295 2703; x_wconf 87' lang='lat' dir='ltr'>Si</span> <span class='ocrx_word' id='word_1_406' title='bbox 1323 2675 1406 2704; x_wconf 82' lang='lat' dir='ltr'>tard.</span> <span class='ocrx_word' id='word_1_407' title='bbox 1435 2675 1571 2704; x_wconf 81' lang='lat' dir='ltr'>Vetusta</span> <span class='ocrx_word' id='word_1_408' title='bbox 1597 2676 1694 2705; x_wconf 83' lang='lat' dir='ltr'>lectio</span> <span class='ocrx_word' id='word_1_409' title='bbox 1721 2675 1757 2705; x_wconf 63' lang='lat' dir='ltr'>Si</span> <span class='ocrx_word' id='word_1_410' title='bbox 1781 2686 1836 2714; x_wconf 86' lang='lat' dir='ltr'>pro</span> <span class='ocrx_word' id='word_1_411' title='bbox 1864 2674 1926 2705; x_wconf 75' lang='lat' dir='ltr'>Sed</span> <span class='ocrx_word' id='word_1_412' title='bbox 1949 2676 2019 2705; x_wconf 87' lang='lat' dir='ltr'>siue</span> <span class='ocrx_word' id='word_1_413' title='bbox 2046 2676 2098 2705; x_wconf 81' lang='lat' dir='ltr'>Set</span> <span class='ocrx_word' id='word_1_414' title='bbox 2123 2675 2181 2714; x_wconf 84' lang='lat' dir='ltr'>(s3)</span> 
     </span>
     <span class='ocr_line' id='line_1_39' title="bbox 349 2730 2180 2770; baseline 0 -9"><span class='ocrx_word' id='word_1_415' title='bbox 349 2736 381 2761; x_wconf 88' lang='lat' dir='ltr'>et</span> <span class='ocrx_word' id='word_1_416' title='bbox 407 2741 447 2760; x_wconf 84' lang='lat' dir='ltr'>ex</span> <span class='ocrx_word' id='word_1_417' title='bbox 474 2731 687 2761; x_wconf 86' lang='lat' dir='ltr'>similitudine</span> <span class='ocrx_word' id='word_1_418' title='bbox 713 2732 893 2768; x_wconf 84' lang='lat' dir='ltr'>scripturae</span> <span class='ocrx_word' id='word_1_419' title='bbox 920 2730 967 2769; x_wconf 90' lang='lat' dir='ltr'>(K</span> <span class='ocrx_word' id='word_1_420' title='bbox 993 2732 1092 2761; x_wconf 83' lang='lat' dir='ltr'>habet</span> <span class='ocrx_word' id='word_1_421' title='bbox 1117 2731 1147 2769; x_wconf 59' lang='grc' dir='ltr'>ἴ)</span> <span class='ocrx_word' id='word_1_422' title='bbox 1188 2735 1219 2760; x_wconf 86' lang='lat' dir='ltr'>et</span> <span class='ocrx_word' id='word_1_423' title='bbox 1246 2741 1286 2760; x_wconf 85' lang='lat' dir='ltr'>cx</span> <span class='ocrx_word' id='word_1_424' title='bbox 1313 2731 1542 2770; x_wconf 73' lang='lat' dir='ltr'>Porphyrionis</span> <span class='ocrx_word' id='word_1_425' title='bbox 1569 2734 1790 2769; x_wconf 82' lang='lat' dir='ltr'>explicatione</span> <span class='ocrx_word' id='word_1_426' title='bbox 1815 2733 1947 2770; x_wconf 85' lang='lat' dir='ltr'>prodiit,</span> <span class='ocrx_word' id='word_1_427' title='bbox 1984 2736 2020 2761; x_wconf 88' lang='lat' dir='ltr'>ut</span> <span class='ocrx_word' id='word_1_428' title='bbox 2045 2732 2078 2761; x_wconf 91' lang='lat' dir='ltr'>in</span> <span class='ocrx_word' id='word_1_429' title='bbox 2102 2736 2180 2761; x_wconf 86' lang='lat' dir='ltr'>uett.</span> 
     </span>
     <span class='ocr_line' id='line_1_40' title="bbox 349 2787 2182 2827; baseline 0.001 -11"><span class='ocrx_word' id='word_1_430' title='bbox 349 2789 415 2817; x_wconf 79' lang='grc'>61115</span> <span class='ocrx_word' id='word_1_431' title='bbox 442 2789 533 2817; x_wconf 76' lang='lat' dir='ltr'>libris</span> <span class='ocrx_word' id='word_1_432' title='bbox 561 2788 690 2825; x_wconf 79' lang='lat' dir='ltr'>legitur,</span> <span class='ocrx_word' id='word_1_433' title='bbox 717 2796 779 2816; x_wconf 84' lang='lat' dir='ltr'>non</span> <span class='ocrx_word' id='word_1_434' title='bbox 812 2787 843 2816; x_wconf 87' lang='lat' dir='ltr'>in</span> <span class='ocrx_word' id='word_1_435' title='bbox 869 2788 935 2824; x_wconf 82' lang='lat' dir='ltr'>afh,</span> <span class='ocrx_word' id='word_1_436' title='bbox 963 2788 1016 2817; x_wconf 89' lang='lat' dir='ltr'>ubi</span> <span class='ocrx_word' id='word_1_437' title='bbox 1043 2788 1158 2817; x_wconf 83' lang='lat' dir='ltr'>mutila</span> <span class='ocrx_word' id='word_1_438' title='bbox 1185 2792 1243 2822; x_wconf 80' lang='lat' dir='ltr'>est,</span> <span class='ocrx_word' id='word_1_439' title='bbox 1270 2788 1388 2825; x_wconf 83' lang='lat' dir='ltr'>quippe</span> <span class='ocrx_word' id='word_1_440' title='bbox 1414 2788 1535 2817; x_wconf 72' lang='lat' dir='ltr'>omissa</span> <span class='ocrx_word' id='word_1_441' title='bbox 1554 2789 1710 2826; x_wconf 84' lang='lat' dir='ltr'>particula</span> <span class='ocrx_word' id='word_1_442' title='bbox 1737 2789 1774 2818; x_wconf 75' lang='lat' dir='ltr'>Si</span> <span class='ocrx_word' id='word_1_443' title='bbox 1789 2794 1920 2827; x_wconf 87' lang='lat' dir='ltr'>propter</span> <span class='ocrx_word' id='word_1_444' title='bbox 1945 2789 2071 2825; x_wconf 83' lang='lat' dir='ltr'>lemma,</span> <span class='ocrx_word' id='word_1_445' title='bbox 2098 2788 2182 2827; x_wconf 88' lang='lat' dir='ltr'>quod</span> 
     </span>
     <span class='ocr_line' id='line_1_41' title="bbox 348 2843 2182 2882; baseline 0.001 -9"><span class='ocrx_word' id='word_1_446' title='bbox 348 2848 419 2882; x_wconf 71' lang='lat' dir='ltr'>post</span> <span class='ocrx_word' id='word_1_447' title='bbox 445 2844 649 2881; x_wconf 71' lang='lat' dir='ltr'>Ascensium,</span> <span class='ocrx_word' id='word_1_448' title='bbox 680 2844 733 2881; x_wconf 87' lang='lat' dir='ltr'>qui</span> <span class='ocrx_word' id='word_1_449' title='bbox 760 2843 822 2873; x_wconf 74' lang='lat' dir='ltr'>Sed</span> <span class='ocrx_word' id='word_1_450' title='bbox 841 2845 935 2873; x_wconf 78' lang='lat' dir='ltr'>habet</span> <span class='ocrx_word' id='word_1_451' title='bbox 964 2844 995 2872; x_wconf 93' lang='lat' dir='ltr'>in</span> <span class='ocrx_word' id='word_1_452' title='bbox 1021 2849 1177 2874; x_wconf 75' lang='lat' dir='ltr'>contextu</span> <span class='ocrx_word' id='word_1_453' title='bbox 1202 2848 1300 2881; x_wconf 81' lang='lat' dir='ltr'>atque</span> <span class='ocrx_word' id='word_1_454' title='bbox 1326 2845 1358 2872; x_wconf 88' lang='lat' dir='ltr'>in</span> <span class='ocrx_word' id='word_1_455' title='bbox 1385 2844 1501 2873; x_wconf 82' lang='lat' dir='ltr'>lenuna</span> <span class='ocrx_word' id='word_1_456' title='bbox 1527 2844 1721 2877; x_wconf 77' lang='lat' dir='ltr'>introduxit.</span> <span class='ocrx_word' id='word_1_457' title='bbox 1753 2845 1922 2874; x_wconf 84' lang='lat' dir='ltr'>Fabricius</span> <span class='ocrx_word' id='word_1_458' title='bbox 1947 2845 2096 2882; x_wconf 80' lang='lat' dir='ltr'>mutauit,</span> <span class='ocrx_word' id='word_1_459' title='bbox 2133 2853 2182 2874; x_wconf 89' lang='lat' dir='ltr'>re-</span> 
     </span>
     <span class='ocr_line' id='line_1_42' title="bbox 347 2900 2181 2943; baseline 0 -13"><span class='ocrx_word' id='word_1_460' title='bbox 347 2901 424 2930; x_wconf 89' lang='lat' dir='ltr'>licto</span> <span class='ocrx_word' id='word_1_461' title='bbox 450 2905 555 2930; x_wconf 83' lang='lat' dir='ltr'>tamen</span> <span class='ocrx_word' id='word_1_462' title='bbox 583 2901 652 2929; x_wconf 76' lang='lat' dir='ltr'>siue</span> <span class='ocrx_word' id='word_1_463' title='bbox 678 2904 800 2929; x_wconf 84' lang='lat' dir='ltr'>retento</span> <span class='ocrx_word' id='word_1_464' title='bbox 828 2900 864 2929; x_wconf 64' lang='lat' dir='ltr'>Sc·</span> <span class='ocrx_word' id='word_1_465' title='bbox 889 2901 920 2929; x_wconf 88' lang='lat' dir='ltr'>in</span> <span class='ocrx_word' id='word_1_466' title='bbox 946 2901 1015 2938; x_wconf 82' lang='lat' dir='ltr'>ipso</span> <span class='ocrx_word' id='word_1_467' title='bbox 1039 2901 1168 2929; x_wconf 80' lang='lat' dir='ltr'>Horatii</span> <span class='ocrx_word' id='word_1_468' title='bbox 1205 2910 1309 2929; x_wconf 78' lang='lat' dir='ltr'>uersu.</span> <span class='ocrx_word' id='word_1_469' title='bbox 1348 2901 1400 2929; x_wconf 80' lang='lat' dir='ltr'>Ex</span> <span class='ocrx_word' id='word_1_470' title='bbox 1434 2901 1525 2930; x_wconf 79' lang='lat' dir='ltr'>codd.</span> <span class='ocrx_word' id='word_1_471' title='bbox 1554 2901 1639 2929; x_wconf 83' lang='lat' dir='ltr'>I&#39;arr·</span> <span class='ocrx_word' id='word_1_472' title='bbox 1674 2911 1754 2931; x_wconf 88' lang='grc'>1111115</span> <span class='ocrx_word' id='word_1_473' title='bbox 1787 2903 1995 2931; x_wconf 80' lang='lat' dir='ltr'>uetustiorum</span> <span class='ocrx_word' id='word_1_474' title='bbox 2028 2910 2062 2943; x_wconf 85' lang='grc' dir='ltr'>φ,</span> <span class='ocrx_word' id='word_1_475' title='bbox 2089 2901 2143 2939; x_wconf 86' lang='lat' dir='ltr'>qui</span> <span class='ocrx_word' id='word_1_476' title='bbox 2163 2909 2181 2930; x_wconf 86' lang='lat' dir='ltr'>a</span> 
     </span>
     <span class='ocr_line' id='line_1_43' title="bbox 347 2956 2183 2996; baseline 0.001 -10"><span class='ocrx_word' id='word_1_477' title='bbox 347 2957 489 2987; x_wconf 85' lang='lat' dir='ltr'>Pottiero</span> <span class='ocrx_word' id='word_1_478' title='bbox 509 2956 570 2986; x_wconf 80' lang='lat' dir='ltr'>Sed</span> <span class='ocrx_word' id='word_1_479' title='bbox 593 2958 676 2986; x_wconf 87' lang='lat' dir='ltr'>tueri</span> <span class='ocrx_word' id='word_1_480' title='bbox 695 2957 846 2994; x_wconf 84' lang='lat' dir='ltr'>traditur,</span> <span class='ocrx_word' id='word_1_481' title='bbox 871 2961 913 2986; x_wconf 70' lang='lat' dir='ltr'>set</span> <span class='ocrx_word' id='word_1_482' title='bbox 938 2958 1093 2993; x_wconf 84' lang='lat' dir='ltr'>ostendit,</span> <span class='ocrx_word' id='word_1_483' title='bbox 1112 2957 1142 2985; x_wconf 88' lang='grc'>11</span> <span class='ocrx_word' id='word_1_484' title='bbox 1159 2961 1267 2986; x_wconf 78' lang='lat' dir='ltr'>autern</span> <span class='ocrx_word' id='word_1_485' title='bbox 1293 2957 1345 2995; x_wconf 82' lang='lat' dir='ltr'>qui</span> <span class='ocrx_word' id='word_1_486' title='bbox 1372 2967 1432 2987; x_wconf 87' lang='grc'>0111.</span> <span class='ocrx_word' id='word_1_487' title='bbox 1459 2962 1624 2996; x_wconf 81' lang='lat' dir='ltr'>utramque</span> <span class='ocrx_word' id='word_1_488' title='bbox 1650 2958 1853 2996; x_wconf 82' lang='lat' dir='ltr'>particulam,</span> <span class='ocrx_word' id='word_1_489' title='bbox 1882 2957 1945 2988; x_wconf 84' lang='lat' dir='ltr'>fert</span> <span class='ocrx_word' id='word_1_490' title='bbox 1970 2958 2128 2996; x_wconf 82' lang='lat' dir='ltr'>glossam:</span> <span class='ocrx_word' id='word_1_491' title='bbox 2153 2956 2183 2987; x_wconf 78' lang='lat' dir='ltr'>si</span> 
     </span>
     <span class='ocr_line' id='line_1_44' title="bbox 345 3012 2178 3054; baseline 0.001 -11"><span class='ocrx_word' id='word_1_492' title='bbox 345 3013 481 3043; x_wconf 74' lang='lat' dir='ltr'>subaudi.</span> <span class='ocrx_word' id='word_1_493' title='bbox 508 3012 616 3042; x_wconf 82' lang='lat' dir='ltr'>Ambr.</span> <span class='ocrx_word' id='word_1_494' title='bbox 642 3014 739 3043; x_wconf 50' lang='lat' dir='ltr'>habet¹</span> <span class='ocrx_word' id='word_1_495' title='bbox 765 3023 782 3042; x_wconf 83' lang='lat' dir='ltr'>a</span> <span class='ocrx_word' id='word_1_496' title='bbox 807 3023 847 3043; x_wconf 89' lang='grc'>111.</span> <span class='ocrx_word' id='word_1_497' title='bbox 877 3016 911 3042; x_wconf 89' lang='lat'>1:</span> <span class='ocrx_word' id='word_1_498' title='bbox 952 3014 1013 3043; x_wconf 60' lang='lat' dir='ltr'>Sed</span> <span class='ocrx_word' id='word_1_499' title='bbox 1044 3015 1195 3043; x_wconf 83' lang='lat' dir='ltr'>tardiora.</span> <span class='ocrx_word' id='word_1_500' title='bbox 1221 3014 1261 3043; x_wconf 79' lang='lat' dir='ltr'>al.</span> <span class='ocrx_word' id='word_1_501' title='bbox 1289 3013 1332 3043; x_wconf 73' lang='lat' dir='ltr'>Si.</span> <span class='ocrx_word' id='word_1_502' title='bbox 1366 3014 1448 3043; x_wconf 86' lang='lat' dir='ltr'>Pure</span> <span class='ocrx_word' id='word_1_503' title='bbox 1481 3015 1543 3044; x_wconf 71' lang='lat' dir='ltr'>Sed</span> <span class='ocrx_word' id='word_1_504' title='bbox 1572 3016 1591 3043; x_wconf 92' lang='lat' dir='ltr'>b</span> <span class='ocrx_word' id='word_1_505' title='bbox 1618 3015 1736 3044; x_wconf 90' lang='lat' dir='ltr'>Bernn.</span> <span class='ocrx_word' id='word_1_506' title='bbox 1769 3014 1826 3043; x_wconf 80' lang='lat' dir='ltr'>Kc</span> <span class='ocrx_word' id='word_1_507' title='bbox 1856 3014 1916 3054; x_wconf 68' lang='lat'><em>(53)</em></span> <span class='ocrx_word' id='word_1_508' title='bbox 1942 3014 2056 3052; x_wconf 87' lang='lat' dir='ltr'>Regin.</span> <span class='ocrx_word' id='word_1_509' title='bbox 2091 3015 2108 3044; x_wconf 87' lang='grc'><strong>2</strong></span> <span class='ocrx_word' id='word_1_510' title='bbox 2137 3023 2178 3043; x_wconf 89' lang='lat' dir='ltr'>m.</span> 
     </span>
     <span class='ocr_line' id='line_1_45' title="bbox 347 3068 2182 3114; baseline 0.001 -16"><span class='ocrx_word' id='word_1_511' title='bbox 347 3069 450 3098; x_wconf 85' lang='lat' dir='ltr'>Harll.</span> <span class='ocrx_word' id='word_1_512' title='bbox 478 3078 559 3098; x_wconf 88' lang='lat' dir='ltr'>reec.</span> <span class='ocrx_word' id='word_1_513' title='bbox 587 3070 673 3097; x_wconf 80' lang='grc'><strong>2724</strong></span> <span class='ocrx_word' id='word_1_514' title='bbox 700 3068 800 3106; x_wconf 81' lang='lat' dir='ltr'>(saec.</span> <span class='ocrx_word' id='word_1_515' title='bbox 826 3070 920 3107; x_wconf 79' lang='lat' dir='ltr'>XIII)</span> <span class='ocrx_word' id='word_1_516' title='bbox 948 3073 979 3099; x_wconf 88' lang='lat' dir='ltr'>et</span> <span class='ocrx_word' id='word_1_517' title='bbox 1006 3070 1103 3100; x_wconf 83' lang='lat'>3510.</span> <span class='ocrx_word' id='word_1_518' title='bbox 1132 3070 1217 3099; x_wconf 67' lang='lat'>3754</span> <span class='ocrx_word' id='word_1_519' title='bbox 1255 3069 1290 3107; x_wconf 83' lang='grc'>(2</span> <span class='ocrx_word' id='word_1_520' title='bbox 1317 3070 1387 3108; x_wconf 81' lang='grc'>111.).</span> <span class='ocrx_word' id='word_1_521' title='bbox 1414 3070 1482 3113; x_wconf 75' lang='grc' dir='ltr'>Βφε</span> <span class='ocrx_word' id='word_1_522' title='bbox 1517 3071 1553 3101; x_wconf 66' lang='lat' dir='ltr'>si</span> <span class='ocrx_word' id='word_1_523' title='bbox 1576 3071 1715 3101; x_wconf 73' lang='lat' dir='ltr'>tardiora</span> <span class='ocrx_word' id='word_1_524' title='bbox 1739 3081 1809 3100; x_wconf 80' lang='lat' dir='ltr'>cum</span> <span class='ocrx_word' id='word_1_525' title='bbox 1836 3071 1952 3108; x_wconf 82' lang='lat' dir='ltr'>Porph.</span> <span class='ocrx_word' id='word_1_526' title='bbox 1979 3071 2119 3114; x_wconf 87' lang='lat' dir='ltr'>scholio:</span> <span class='ocrx_word' id='word_1_527' title='bbox 2147 3069 2182 3099; x_wconf 71' lang='grc' dir='ltr'><em>δί</em></span> 
     </span>
     <span class='ocr_line' id='line_1_46' title="bbox 347 3125 2178 3166; baseline 0.001 -13"><span class='ocrx_word' id='word_1_528' title='bbox 347 3125 497 3154; x_wconf 61' lang='lat' dir='ltr'>tardiora.</span> <span class='ocrx_word' id='word_1_529' title='bbox 526 3126 559 3153; x_wconf 61' lang='lat' dir='ltr'>‚Si</span> <span class='ocrx_word' id='word_1_530' title='bbox 586 3126 710 3154; x_wconf 74' lang='lat' dir='ltr'>tardius</span> <span class='ocrx_word' id='word_1_531' title='bbox 736 3126 869 3155; x_wconf 73' lang='lat' dir='ltr'>moreris</span> <span class='ocrx_word' id='word_1_532' title='bbox 899 3125 1073 3164; x_wconf 69' lang='lat' dir='ltr'>(morieris)</span> <span class='ocrx_word' id='word_1_533' title='bbox 1101 3135 1193 3164; x_wconf 85' lang='lat' dir='ltr'>quam</span> <span class='ocrx_word' id='word_1_534' title='bbox 1220 3127 1349 3163; x_wconf 70' lang='lat' dir='ltr'>optasti.</span> <span class='ocrx_word' id='word_1_535' title='bbox 1404 3127 1457 3165; x_wconf 84' lang='lat'>13)</span> <span class='ocrx_word' id='word_1_536' title='bbox 1486 3126 1527 3156; x_wconf 90' lang='lat' dir='ltr'>C:</span> <span class='ocrx_word' id='word_1_537' title='bbox 1555 3127 1694 3166; x_wconf 42' lang='lat' dir='ltr'>Pell-‘snas</span> <span class='ocrx_word' id='word_1_538' title='bbox 1713 3127 1851 3157; x_wconf 81' lang='lat' dir='ltr'>Sabinas</span> <span class='ocrx_word' id='word_1_539' title='bbox 1870 3137 1886 3156; x_wconf 84' lang='lat' dir='ltr'>a</span> <span class='ocrx_word' id='word_1_540' title='bbox 1904 3127 2040 3165; x_wconf 80' lang='lat' dir='ltr'>Peligno</span> <span class='ocrx_word' id='word_1_541' title='bbox 2057 3130 2178 3156; x_wconf 84' lang='lat' dir='ltr'>monte.</span> 
     </span>
     <span class='ocr_line' id='line_1_47' title="bbox 349 3181 2176 3221; baseline 0.001 -12"><span class='ocrx_word' id='word_1_542' title='bbox 349 3181 406 3219; x_wconf 85' lang='lat'>21)</span> <span class='ocrx_word' id='word_1_543' title='bbox 433 3181 515 3210; x_wconf 86' lang='lat' dir='ltr'>Vide</span> <span class='ocrx_word' id='word_1_544' title='bbox 541 3190 621 3219; x_wconf 83' lang='lat' dir='ltr'>quae</span> <span class='ocrx_word' id='word_1_545' title='bbox 647 3182 738 3211; x_wconf 77' lang='lat' dir='ltr'>inodo</span> <span class='ocrx_word' id='word_1_546' title='bbox 764 3182 877 3210; x_wconf 86' lang='lat' dir='ltr'>adtuli.</span> <span class='ocrx_word' id='word_1_547' title='bbox 905 3182 945 3210; x_wconf 72' lang='lat'>(¹2</span> <span class='ocrx_word' id='word_1_548' title='bbox 971 3182 999 3211; x_wconf 75' lang='lat' dir='ltr'>si</span> <span class='ocrx_word' id='word_1_549' title='bbox 1021 3181 1170 3211; x_wconf 66' lang='lat' dir='ltr'>cca-(liora.</span> <span class='ocrx_word' id='word_1_550' title='bbox 1196 3181 1283 3211; x_wconf 76' lang='lat' dir='ltr'>sidz‘z&#39;</span> <span class='ocrx_word' id='word_1_551' title='bbox 1299 3182 1399 3215; x_wconf 70' lang='lat' dir='ltr'>nolint,</span> <span class='ocrx_word' id='word_1_552' title='bbox 1426 3182 1480 3212; x_wconf 81' lang='lat' dir='ltr'>sed</span> <span class='ocrx_word' id='word_1_553' title='bbox 1497 3187 1521 3212; x_wconf 80' lang='lat' dir='ltr'>ce</span> <span class='ocrx_word' id='word_1_554' title='bbox 1539 3188 1700 3219; x_wconf 55' lang='lat' dir='ltr'>reservent,</span> <span class='ocrx_word' id='word_1_555' title='bbox 1727 3187 1762 3212; x_wconf 87' lang='lat' dir='ltr'>ut</span> <span class='ocrx_word' id='word_1_556' title='bbox 1781 3184 1904 3213; x_wconf 85' lang='lat' dir='ltr'>maiora</span> <span class='ocrx_word' id='word_1_557' title='bbox 1920 3193 1976 3213; x_wconf 80' lang='lat' dir='ltr'>sua</span> <span class='ocrx_word' id='word_1_558' title='bbox 2009 3183 2176 3221; x_wconf 84' lang='lat' dir='ltr'>supplicia.</span> 
     </span>
    </p>
   </div>
   <div class='ocr_carea' id='block_1_6' title="bbox 2255 1798 2283 2890">
    <p class='ocr_par' dir='ltr' id='par_1_13' title="bbox 2255 1798 2283 2890">
     <span class='ocr_line' id='line_1_48' title="bbox 2255 1798 2283 2890; baseline 0 0"><span class='ocrx_word' id='word_1_559' title='bbox 2255 1798 2283 2890; x_wconf 95' lang='lat' dir='ltr'> </span> 
     </span>
    </p>
   </div>
   <div class='ocr_carea' id='block_1_7' title="bbox 2260 3079 2267 3281">
    <p class='ocr_par' dir='ltr' id='par_1_14' title="bbox 2260 3079 2267 3281">
     <span class='ocr_line' id='line_1_49' title="bbox 2260 3079 2267 3281; baseline 0 254"><span class='ocrx_word' id='word_1_560' title='bbox 2260 3079 2267 3281; x_wconf 95' lang='lat' dir='ltr'> </span> 
     </span>
    </p>
   </div>
  </div>
 </body>
</html>
