2283 3535
284 1028 323 1059 10

282 1396 322 1427 15

352 224 434 264 464
981 233 1084 266 ACR.
1110 234 1171 266 ET
1195 234 1362 266 PORPH.
1387 234 1535 267 comm.

467 361 503 399 7.
527 373 606 415 per
635 359 708 400 Ιιοο
740 359 765 400 τ’.
790 374 833 414 p.
867 359 902 400 cl.
928 374 971 414 p.
1045 357 1174 400 Velut
1203 364 1488 413 praetextatus
1518 373 1623 414 puer
1667 359 1792 400 inane
1823 359 1935 414 apud
1967 374 2037 401 eas
2067 374 2179 415 pur-

351 447 482 487 purae
513 432 640 473 decus
673 431 835 488 [inane]
869 431 987 481 dixit,
1019 431 1118 486 quia
1148 446 1231 473 non
1262 431 1460 486 proderat
1492 432 1691 486 perituro.

465 506 501 546 8.
525 520 604 560 per
634 505 956 561 inprobatmum.
1016 504 1066 545 Id
1097 514 1170 554 est,
1204 504 1526 545 uindicaturum.
1586 504 1811 545 Humanae
1842 504 1952 545 enirn
1983 504 2180 546 uictimae

350 577 452 618 Joui
483 585 680 634 acceptae
712 592 801 619 esse
840 593 923 619 non
958 584 1164 633 poterant,
1211 578 1311 632 quia
1349 593 1374 618 a
1413 577 1625 619 iuuaminc
1670 577 1887 619 hominum
1930 579 2044 620 Jouis
2089 578 2179 621 dic-

353 657 419 692 tus
450 658 523 692 est.

466 727 530 766 12.
564 726 628 765 13.
660 725 882 778 zuslqm'bus
913 738 946 765 r.
971 740 1013 780 p.
1074 723 1348 779 Exspoliatus
1379 731 1596 779 praetexta
1626 724 1791 779 puerili.

462 799 606 854 inpube
638 813 671 839 c.
730 797 818 838 Aut
849 797 1075 839 delicatum
1107 797 1298 854 [corpus]
1332 805 1402 838 aut
1432 797 1653 852 pulchrum
1685 812 1850 852 corpus,
1883 797 1995 852 quod
2026 804 2066 838 et
2085 812 2180 839 cru-

350 871 562 913 delitatem
592 871 756 912 flectere
786 871 989 926 potuisset
1018 870 1307 913 barbarorum.

465 947 527 985 14.
561 945 749 986 breuibus
781 945 953 1000 mlz’yata
983 960 1022 987 u.
1084 944 1321 999 Tamquam
1351 944 1444 999 ipsa
1475 944 1662 985 Uenefica
1692 943 1833 985 furiali
1863 944 2010 986 habitu
2042 943 2180 986 crines

348 1018 523 1059 haberet
552 1017 710 1073 uiperis
740 1017 975 1073 inplicatos.

465 1093 527 1132 17.
560 1091 673 1133 Iube!
703 1108 732 1132 s.
764 1105 795 1131 c.
828 1107 858 1132 e.
903 1091 1047 1146 Ligna
1078 1091 1202 1131 etiam
1234 1089 1420 1131 infelicia
1450 1097 1489 1130 et
1518 1089 1676 1131 sterilia
1707 1105 1729 1131 e
1759 1090 1963 1145 sepulcris
1994 1091 2182 1132 conlecta

349 1172 601 1220 praeparata
633 1164 841 1220 significat
873 1172 1088 1219 tamquam
1119 1164 1249 1206 sacris
1280 1164 1424 1205 inferis
1455 1165 1686 1219 profutura.
2021 1150 2028 1155 ⁶

464 1239 527 1280 18.
562 1253 771 1294 cupressos
801 1238 999 1291 funebres
1061 1237 1123 1279 Ut
1154 1236 1227 1291 (A.
1259 1236 1337 1287 VI,
1370 1238 1494 1293 216);
1526 1238 1673 1292 ferales
1705 1246 1795 1279 ante
1826 1252 2032 1294 cupressos
2066 1237 2180 1294 [con-

347 1311 547 1368 stitutum]

465 1387 528 1427 19.
561 1394 596 1427 et
626 1394 748 1427 uncta
781 1394 804 1426 t.
837 1401 871 1426 0.
902 1400 936 1426 r.
1015 1384 1111 1426 Non
1143 1400 1221 1427 oua
1264 1400 1389 1427 ranae
1430 1386 1503 1427 sed
1541 1394 1664 1427 uncta
1702 1400 1829 1427 ranae
1867 1387 2058 1439 sanquine
2094 1398 2181 1425 oua.

348 1460 469 1501 Rana
499 1459 611 1500 enim
641 1459 852 1500 infernum
883 1467 924 1500 et
952 1473 1209 1501 uenenosum
1242 1459 1398 1500 animal
1429 1467 1501 1508 est,
1533 1466 1575 1501 ut
1607 1460 1703 1501 Juu.
1727 1458 1803 1513 (II,
1828 1458 1951 1514 150):
1985 1467 2021 1500 et
2043 1458 2181 1514 Styqio

348 1548 475 1575 ranas
507 1536 546 1574 in
576 1534 732 1588 yuryz'te
763 1534 914 1587 m'qras.

465 1609 612 1664 Turpis
644 1606 830 1662 grandis,
877 1613 921 1647 ut
952 1604 1028 1661 (G.
1059 1604 1140 1653 III,
1173 1607 1267 1661 52):
1316 1607 1385 1647 cui
1413 1615 1528 1662 turpe
1561 1615 1701 1662 copem
1747 1606 1850 1647 tales
1896 1605 2008 1646 enim
2053 1618 2181 1645 ranae

346 1680 475 1735 uulgo
497 1681 655 1722 rubetae
676 1680 871 1722 dicuntur
893 1686 930 1720 et
952 1679 1090 1735 magis
1110 1693 1346 1720 ucnenosae
1369 1686 1484 1727 sunt,
1513 1679 1565 1720 de
1587 1679 1739 1734 quibus
1760 1679 1817 1719 ait
1838 1679 1935 1720 Juu.
1959 1678 2059 1734 (III,
2082 1678 2178 1732 44):

349 1769 547 1796 ranarum
577 1757 736 1796 uiscera
766 1769 988 1810 numquam
1018 1755 1197 1810 z'nspexl3
1236 1760 1275 1793 et
1305 1752 1425 1793 Idem
1457 1751 1559 1793 alibi
1591 1753 1706 1807 (Juu.
1737 1751 1772 1802 I,
1806 1753 1898 1807 70):
1947 1753 2084 1793 miscet
2113 1753 2175 1793 si—

348 1830 460 1869 tiente
488 1829 681 1870 rubetam.

462 1901 547 1958 [20.
579 1911 681 1944 noct.
712 1903 857 1957 stre'qis.
918 1901 979 1943 Ut
1013 1902 1162 1943 Lucan.
1194 1899 1291 1952 (VI,
1326 1901 1450 1955 689):
1488 1901 1607 1951 Quod
1629 1901 1806 1956 trepidus
1827 1900 1927 1941 bubo
1949 1899 2054 1956 quod
2073 1900 2181 1940 strix

346 1985 546 2017 nocturna
577 1974 835 2031 queruntur]

458 2049 525 2089 21.
556 2049 736 2105 herbasq.
767 2064 800 2105 q.
823 2048 950 2090 Iolcos
983 2056 1054 2089 aul
1079 2048 1255 2089 Hiberia.
1290 2046 1455 2104 [Iolcos]
1490 2047 1637 2089 ciuitas
1658 2046 1784 2088 Ponti
1805 2054 1865 2088 est
1886 2046 2029 2088 herbis
2049 2059 2177 2087 uene-

463 2165 494 2203 1)
522 2164 612 2193 inane
641 2174 691 2202 ap.
725 2174 777 2194 eas
811 2174 861 2202 pu.
894 2165 960 2193 dee.
993 2164 1134 2200 AR12,r.
1168 2162 1264 2193 inane
1301 2174 1361 2193 om.
1399 2174 1429 2193 v.
1468 2167 1570 2201 praet.
1611 2173 1662 2201 pu.
1701 2174 1752 2202 ap.
1781 2181 1820 2184 -—
1848 2163 1936 2192 inane
1967 2163 2055 2192 dixit
2079 2160 2177 2196 ath.

344 2221 433 2251 inani
462 2221 557 2250 animi
588 2231 640 2250 eas
673 2222 709 2250 R.
737 2221 856 2259 z'uprob.
883 2221 943 2263 Βφ.
1008 2221 1043 2259 4)
1070 2221 1145 2258 quia
1171 2221 1235 2249 iuu.
1263 2219 1290 2249 A
1328 2219 1398 2258 (qui
1424 2218 1492 2259 αἳ),
1530 2230 1554 2249 r.
1581 2220 1648 2249 rell.
1683 2222 1757 2258 quia
1795 2230 1822 2249 a.
1872 2238 1913 2241 *—
1963 2219 2039 2249 iouis
2063 2217 2179 2256 A12G,

344 2288 443 2308 rmva.
467 2278 606 2317 Juppiter
630 2278 708 2313 th,
737 2278 790 2316 qui
818 2278 912 2307 scrib.
940 2277 1058 2306 uoluit:
1084 2286 1188 2305 nomen
1222 2276 1300 2305 Iouis
1326 2276 1436 2306 dictum
1466 2281 1516 2306 est.
1542 2277 1634 2306 Nihil
1666 2277 1864 2306 mutandum.
1890 2275 1970 2305 Iouis
1995 2279 2044 2305 est.
2076 2275 2178 2305 nomi-

344 2336 475 2364 natiuus
508 2335 564 2364 ille
594 2339 688 2364 notus
727 2344 768 2363 ex
804 2334 893 2363 Varr.
926 2334 960 2363 L.
988 2333 1023 2362 L.
1049 2334 1120 2371 VII⁷
1148 2335 1201 2362 38.
1239 2334 1369 2363 Petron.
1402 2335 1454 2362 47.
1488 2334 1540 2363 58.
1581 2333 1677 2371 Apul.
1712 2334 1755 2363 M.
1790 2333 1834 2363 IV
1865 2343 1895 2371 p.
1931 2333 2001 2362 157.
2028 2332 2102 2362 Ace.
2129 2341 2178 2370 op.

343 2392 443 2421 Prisc.
471 2394 500 2421 6.
526 2391 628 2421 ionem.
656 2392 710 2429 qui
737 2391 858 2420 uindex
885 2395 933 2420 est
959 2391 1110 2419 malorum
1132 2389 1166 2419 C.
1187 2395 1356 2428 utrumque
1382 2400 1442 2420 om.
1468 2400 1495 2431 γ,
1522 2392 1576 2428 qui
1603 2391 1716 2419 habet:
1747 2389 1994 2428 improbaturum.
2023 2390 2179 2427 dampna-

342 2452 460 2485 turum⁷
486 2448 712 2478 iudicaturum.
742 2448 785 2477 C:
813 2448 1048 2484 damnaturum,
1086 2447 1282 2485 puniturum,
1319 2446 1560 2475 ue'ncle'caturtun.
1619 2448 1653 2485 6)
1682 2447 1734 2475 Ex
1761 2447 1825 2485 pol.
1855 2446 1971 2481 ΑΒΖΥ.
2000 2446 2069 2475 rell.
2097 2445 2178 2484 Spo-

342 2506 452 2535 liatus.
495 2522 537 2526 —
574 2506 696 2543 pueruli
722 2504 760 2535 A.
788 2505 905 2542 puerili
936 2514 995 2533 om.
1024 2514 1047 2532 r.
1078 2503 1162 2541 inpu.
1189 2503 1272 2546 Asz
1299 2503 1399 2542 (IMP.
1426 2504 1467 2532 ad
1492 2504 1620 2542 marg)
1648 2508 1702 2533 aut
1728 2504 1790 2532 del.
1818 2508 1871 2532 aut
1899 2513 1951 2540 pu.
1979 2513 2062 2541 corp.
2088 2502 2178 2531 AR2.

343 2567 397 2591 aut.
431 2562 492 2591 del.
519 2571 633 2599 corpus
668 2566 723 2591 aut
754 2571 805 2599 pu.
839 2560 916 2595 th.
943 2570 1056 2598 corpus
1083 2570 1143 2590 om.
1169 2570 1270 2589 vmac.
1301 2563 1356 2589 aut
1386 2578 1423 2580 ἡ
1451 2570 1564 2598 eorpus
1600 2570 1660 2589 om.
1687 2570 1711 2589 r.
1779 2559 1813 2597 ὅ)
1841 2563 1908 2597 pot.
1934 2560 1965 2590 fl.
1995 2560 2084 2588 barb.
2108 2558 2178 2596 AR,

342 2619 496 2648 rvmeafh.
522 2619 551 2647 fl.
579 2622 643 2656 pot.
669 2619 758 2648 barb.
788 2618 825 2653 Q.
890 2620 924 2656 9)
950 2617 1095 2656 inplicata
1110 2617 1137 2646 A
1164 2616 1270 2656 (Aer.)
1300 2617 1384 2659 3322.
1411 2616 1495 2654 impl.
1521 2616 1586 2657 -JbP
1613 2617 1715 2651 Frau,
1742 2617 1807 2646 rfh.
1836 2616 1982 2654 inplicita
2006 2616 2041 2645 R.
2069 2616 2179 2645 Lectio

343 2674 489 2712 inplicata
515 2685 555 2704 ex
583 2675 705 2705 scholio
732 2679 935 2711 transgressa
961 2675 1100 2704 uidetur.
1128 2673 1243 2713 illiyala
1267 2673 1295 2702 A
1314 2673 1424 2712 (Hor.)
1446 2672 1647 2709 2G,vmcaQ,
1673 2678 1708 2702 ut
1737 2673 1797 2702 ΚΕ
1824 2674 1936 2703 Ambr.
1960 2673 2042 2703 conf.
2061 2673 2176 2712 Porph.

344 2750 384 2752 -ὴ
402 2733 524 2761 ambitu
536 2732 592 2761 Ar.
618 2732 687 2761 rell.
714 2731 836 2761 habitu.
889 2732 943 2770 10)
971 2732 1049 2769 iupl.
1074 2730 1113 2760 A.
1140 2740 1173 2770 γε
1200 2730 1348 2759 breuibus
1377 2731 1452 2768 quia
1480 2731 1567 2759 nulla
1593 2731 1630 2758 de
1658 2731 1862 2768 serpentibus
1888 2731 2017 2759 breuior
2043 2733 2093 2760 est
2118 2739 2177 2769 que

343 2788 421 2826 (qua
446 2788 485 2827 G)
513 2799 575 2818 non
601 2789 644 2818 sit
671 2794 702 2818 et
727 2790 826 2826 peior.
853 2792 909 2817 aut
932 2787 1069 2817 breuibus
1095 2788 1168 2826 quia
1193 2796 1256 2816 non
1283 2787 1417 2816 multum
1443 2788 1552 2824 uipere
1583 2791 1742 2816 crescunt.
1771 2788 1863 2825 quasi
1891 2796 1933 2816 ex
1961 2787 2018 2825 (ex
2045 2797 2105 2817 om.
2133 2786 2175 2825 C)

344 2845 401 2873 hoc
435 2846 580 2883 exigeret
613 2855 662 2873 ars
695 2845 921 2874 maleficiorum
956 2844 1184 2882 (nmleticorum
1211 2844 1250 2882 (ἵ)
1278 2848 1309 2872 ut
1346 2844 1527 2881 implicaret
1555 2844 1771 2881 (implicarent
1802 2843 1841 2881 C)
1869 2853 1942 2873 suos
1975 2844 2177 2881 serpentibus

344 2902 446 2931 crines
480 2901 538 2939 (cr.
567 2911 648 2939 serp.
685 2901 738 2939 C).
772 2902 823 2930 uel
855 2902 952 2930 etiam
984 2900 1120 2929 breuibus
1151 2910 1212 2939 que
1244 2901 1331 2929 uitae
1362 2901 1469 2929 breues
1507 2905 1592 2929 sunt.
1627 2900 1707 2930 conf.
1735 2899 1768 2929 C.
1838 2900 1891 2938 12)
1921 2910 2026 2938 praep.
2059 2910 2120 2930 om.
2147 2900 2176 2930 2.

345 2974 385 2977 —v—
414 2957 546 2986 infernis
580 2957 668 2992 ΗΖΓ.
738 2958 791 2996 13)
826 2966 986 2995 cupressos
1017 2958 1087 2999 -sDh
1121 2961 1156 2986 ut
1186 2957 1283 2986 Bern.
1321 2956 1410 2986 KAC
1448 2957 1558 2986 Ambr.
1609 2974 1649 2977 -ἢ
1699 2956 1806 2985 feralis
1837 2961 1911 2986 ante
1945 2966 2112 2995 cupressus
2135 2956 2175 2986 A.

344 3013 451 3043 feralis
476 3013 568 3043 Ribb.
596 3023 763 3052 cupressus
790 3014 828 3043 G.
858 3014 925 3044 rell.
960 3014 1073 3044 ferales
1104 3019 1179 3044 :uite
1210 3023 1382 3052 cupressos.
1415 3019 1519 3043 coust.
1554 3024 1613 3043 om.
1641 3013 1759 3050 AR2‚1-.
1793 3014 1876 3043 conf.
1903 3014 1978 3043 Aer.
2004 3014 2043 3042 ad
2071 3013 2108 3043 C.
2135 3013 2175 3051 II,

348 3072 398 3106 14,
425 3071 477 3100 23.
516 3071 614 3100 schol.
642 3070 763 3100 Lucani
789 3071 846 3108 ΙΙΙ7
876 3072 950 3100 442.
1015 3072 1069 3110 15)
1097 3081 1155 3101 oua
1181 3080 1276 3101 ranae
1300 3070 1418 3107 AR2‚r.
1445 3071 1514 3100 rell.
1542 3081 1586 3100 ra.
1614 3080 1684 3099 oua.
1732 3087 1774 3090 —
1821 3079 1880 3099 ozza
1905 3080 1966 3099 om.
1993 3080 2076 3100 omn.
2104 3070 2174 3100 edd.

347 3126 402 3164 16)
431 3127 543 3165 stygia
556 3126 602 3155 fh.
620 3128 716 3165 stigio
730 3127 768 3156 A.
822 3128 879 3165 19)
906 3129 950 3157 ait
965 3138 1026 3157 om.
1046 3128 1095 3157 12.
1147 3129 1203 3166 20)
1232 3128 1316 3157 idem
1343 3137 1401 3156 om.
1420 3128 1477 3163 2‚r.
1529 3128 1585 3165 21)
1621 3128 1730 3156 rubeta
1744 3125 1807 3155 Al.
1859 3126 1916 3164 22)
1945 3126 2102 3164 schol.(A
2128 3127 2175 3155 in-

344 3183 445 3212 ferius
472 3183 590 3212 conloc.
617 3188 652 3212 ut
677 3180 747 3223 lz,1·)
775 3194 835 3212 oui.
867 3183 1036 3213 12G.rvca.
1086 3184 1142 3222 24)
1171 3183 1284 3213 hiulcos
1299 3183 1326 3211 A
1355 3183 1463 3221 (llor.)
1490 3193 1516 3225 γ,
1545 3188 1578 3213 ut
1605 3183 1633 3212 K
1660 3183 1770 3212 Ambr.
1797 3183 1923 3211 colchos·
1950 3182 1978 3212 A
2005 3184 2038 3212 in
2064 3184 2173 3212 lemm.

344 3240 418 3269 Aer.
446 3244 481 3269 ut
506 3239 714 3282 EBeDmRh
741 3240 871 3278 aliique.
906 3245 957 3269 aut
988 3240 1055 3269 IIib.
1084 3240 1109 3269 Λ
1139 3240 1245 3278 (Hoxn,
1279 3243 1365 3279 atque
1398 3240 1471 3269 llil).
1508 3241 1538 3270 in
1570 3238 1663 3278 Aer.)
1689 3244 1723 3269 ut
1750 3239 1779 3269 K
1805 3239 1913 3269 Ambr.
1941 3243 1972 3269 et
1998 3240 2034 3276 E,
2061 3240 2114 3279 qui
2141 3240 2175 3269 iu
