2283 3535
802 226 849 256 IN
876 226 1020 257 CARM.
1041 226 1099 264 111,
1128 229 1180 258 24.
1210 230 1262 258 23.
1867 221 1946 261 357

125 354 264 402 pertas
296 347 498 402 probrosa
530 361 619 388 esse
651 353 689 387 ct
721 347 885 387 crimini
918 348 1023 397 dari,
1056 362 1132 402 per
1162 363 1286 389 omne
1317 350 1433 390 nefas
1465 351 1636 392 diuitiae
1669 352 1813 406 quaeri
1845 368 1950 394 coc—

126 428 287 475 perunt.
364 421 637 476 Obprobrium
683 420 841 461 scilieet
884 421 1144 475 paupertatis
1189 421 1302 462 uiam
1348 422 1502 464 deserit
1548 425 1793 480 uirtutisque
1839 426 1951 467 viam

125 493 290 535 deserit.

239 568 302 609 50.
336 568 423 608 scel.
453 568 490 608 si
517 567 609 608 benc
637 582 676 622 p.
760 567 863 608 Bcnc
894 581 969 621 pro
1008 568 1125 609 ualde
1156 568 1350 622 positum,
1396 575 1439 609 ut
1470 569 1582 623 apud
1627 569 1813 611 Ennium
1859 572 1951 612 fre-

126 647 313 695 quenter.

239 716 304 755 52.
337 722 370 754 et
400 722 474 754 len.
507 728 545 754 η.
578 728 625 754 m.
700 713 855 754 Utrum
887 728 1110 768 puerorum
1144 715 1295 755 diuitiis
1333 724 1479 757 *memes
1518 724 1674 757 teneras
1716 718 1830 757 nimis
1868 718 1952 757 for—

126 787 300 827 mandas
330 786 383 827 ad
414 785 629 841 asperiora
661 786 809 835 studia,
842 802 895 826 an
926 802 1025 827 uero
1056 787 1365 829 luxuriosorum
1395 798 1541 831 mentes
1573 798 1730 831 lencras·
1753 790 1952 845 appellat,

126 875 228 915 quas
258 860 358 909 uult,
390 859 564 901 abiectis
596 860 774 914 gemmis
805 867 842 900 et
874 875 988 910 auro,
1021 861 1192 902 formari
1225 862 1277 902 ad
1309 863 1525 917 asperiora
1557 863 1722 904 studia?

238 934 302 974 55.
334 935 457 974 nescz't
488 948 583 988 equo
614 933 705 974 rud.
736 933 846 974 haer.
879 935 1088 990 ίηφμιιεν.
1150 934 1364 985 Irascitur,
1396 936 1621 986 Romanos,
1656 937 1810 978 omisso
1842 936 1953 976 mili-

124 1006 225 1048 taris
256 1006 444 1047 exercitii
477 1006 626 1056 studio,
659 1006 712 1046 ad
745 1005 933 1048 Graecos
964 1007 1128 1062 ineptos
1159 1008 1476 1064 luxuriososque
1507 1009 1620 1051 lusus
1652 1010 1862 1051 transisse.

239 1081 303 1121 59.
337 1095 425 1121 cum
450 1082 549 1136 peri.
574 1096 616 1136 J).
648 1082 676 1134 s.
711 1095 741 1121 c.
773 1096 802 1120 s.
832 1080 860 1134 f.
894 1090 927 1121 cc
957 1082 1158 1137 hospitem.
1216 1081 1313 1123 Non
1334 1089 1407 1132 est,
1440 1083 1587 1137 inquit,
1619 1084 1785 1133 mirum,
1807 1083 1954 1138 augeri

126 1153 310 1208 quotidie
343 1168 511 1194 censum
543 1153 767 1208 unicuique
798 1153 1072 1208 priuatorum,
1120 1170 1212 1196 cum
1252 1170 1395 1197 omnes
1433 1156 1589 1197 scelere
1631 1164 1872 1212 grassentur
1911 1157 1954 1197 in

125 1226 344 1281 hospitem,
377 1226 419 1266 in
451 1226 622 1276 socium,
655 1226 697 1267 111
729 1234 963 1268 consortem
995 1228 1246 1283 adquirendi
1268 1229 1418 1279 studio,
1452 1236 1489 1270 et
1512 1236 1757 1271 tamennon
1779 1230 1955 1270 multum

124 1300 202 1341 hoe
236 1300 300 1341 his
345 1300 528 1355 prodest,
575 1300 674 1355 quia
704 1300 880 1356 indigno
911 1300 1053 1342 heredi
1098 1301 1199 1342 haee
1244 1301 1430 1343 relicturi
1476 1302 1570 1352 sint,
1618 1303 1689 1357 qui
1735 1310 1955 1358 corruptus

123 1373 289 1415 luxuria
321 1389 488 1415 seruare
520 1375 623 1416 haee
654 1374 814 1416 seilicet
844 1389 928 1416 non
959 1374 1102 1429 possit.

239 1449 303 1489 64.
365 1457 494 1490 tamen
527 1456 664 1490 curtae
696 1463 734 1489 η.
766 1462 799 1503 q.
831 1464 861 1490 s.
895 1464 931 1489 α.
963 1463 998 1489 r.
1057 1447 1153 1489 Hoc
1185 1448 1238 1488 ad
1269 1448 1405 1503 ipsam
1440 1448 1644 1490 auaritiae
1676 1455 1868 1490 naturam
1890 1463 1955 1490 re-

124 1522 266 1572 fertur,
299 1521 366 1564 eui
397 1521 496 1563 dum
517 1521 623 1563 nihil
653 1536 737 1564 non
769 1527 892 1572 extet,
926 1536 1092 1577 semper
1121 1521 1289 1562 uidetur
1320 1521 1478 1564 deesse.

749 1676 1066 1731 CARMEN
1107 1677 1200 1744 111,
1245 1679 1324 1730 25.

946 1787 1131 1831 ACRON.

243 1892 331 1942 Quo
362 1906 411 1931 m.
445 1892 494 1932 B.
555 1890 652 1931 Hae
682 1890 761 1931 ode
791 1888 994 1931 Liberum
1027 1896 1190 1943 patrem
1222 1889 1400 1939 iuuoeat,
1449 1903 1497 1930 eo
1530 1888 1642 1944 quod
1672 1895 1710 1930 et
1742 1889 1833 1944 ipse
1864 1905 1957 1930 mu-

126 1964 235 2006 sicus
251 1963 370 2006 Deus
402 1964 468 2015 sit,
498 1970 644 2020 petens
676 1963 728 2005 ab
760 1978 822 2012 eo,
851 1970 898 2004 ut
927 1978 970 2004 se
1000 1962 1043 2003 in
1075 1969 1236 2004 secreta
1266 1977 1483 2004 nemorum
1515 1977 1685 2004 suorum
1716 1962 1852 2012 ducat,
1884 1962 1957 2004 ubi

125 2038 295 2079 numine
327 2038 415 2079 eius
445 2038 629 2093 repletus
652 2035 849 2079 Caesaris
866 2034 1051 2091 Augusti
1081 2035 1227 2077 laudes
1259 2042 1393 2086 canat,
1426 2035 1676 2091 allegoricos
1698 2035 1956 2091 significans,

125 2127 209 2153 non
241 2113 430 2154 sufficere
461 2112 655 2167 spiritum
687 2126 806 2153 suum
844 2109 1040 2151 laudibus
1080 2108 1281 2165 Augusti,
1326 2109 1409 2151 nisi
1445 2109 1629 2151 numinis
1667 2109 1755 2150 eius
1793 2109 1958 2151 iuuetur
2009 2121 2020 2128 “

126 2185 337 2227 instinctu.

240 2261 277 2301 2.
310 2266 379 2301 aut
410 2273 506 2314 quos
542 2275 578 2300 a.
609 2260 633 2300 τ’.
664 2274 692 2299 s.
715 2274 759 2316 p.
832 2256 919 2300 Hie
956 2256 1189 2299 masculino
1227 2270 1382 2313 genere
1420 2271 1560 2313 specus
1599 2256 1757 2312 posuit3
1805 2256 1958 2298 dieitur

126 2332 239 2374 enim
269 2340 309 2375 et
339 2333 412 2375 hoc
442 2346 603 2388 specus.

242 2495 274 2534 1)
299 2499 439 2524 ostentam
455 2495 561 2524 uideri
585 2494 688 2523 rvafh.
715 2493 839 2523 crimini
861 2493 933 2522 dari
955 2491 1113 2522 MRA2G.
1163 2490 1198 2532 2)
1224 2493 1311 2530 obpr.
1339 2492 1382 2521 M.
1410 2491 1571 2530 coeperint
1596 2491 1639 2521 M.
1661 2511 1702 2515 -
1720 2492 1808 2520 uiam
1832 2491 1898 2520 des.
1925 2501 1957 2520 U.

128 2560 158 2579 11.
185 2551 305 2580 deserit
340 2550 384 2580 M.
410 2552 494 2581 uiam
521 2551 587 2580 des.
613 2550 775 2580 Scelerum
802 2554 862 2579 etc.
889 2549 922 2578 R.
946 2549 1043 2587 Vulg.
1069 2550 1182 2578 lectio:
1221 2549 1308 2578 uiam
1341 2549 1408 2578 des.
1443 2549 1587 2578 uirtutis.
1654 2549 1690 2586 6)
1715 2548 1804 2576 nimis
1833 2547 1956 2583 MR2‚1-.

128 2607 195 2636 rell.
222 2607 325 2637 minis.
353 2617 409 2646 pro
427 2607 581 2647 digitisque
605 2607 759 2637 librorum
784 2608 857 2636 lect.
884 2607 976 2644 posui
1001 2605 1124 2635 diuitiis.
1175 2606 1209 2643 8)
1236 2606 1275 2634 ad
1301 2615 1362 2637 om.
1390 2604 1435 2634 fh.
1462 2604 1641 2634 formandas
1658 2614 1724 2642 asp.
1744 2605 1781 2633 R.
1800 2605 1958 2642 superiora

128 2664 213 2692 stud.
240 2665 296 2699 2,1·.
358 2664 392 2702 9)
418 2664 484 2693 her.
509 2663 552 2692 Μ.
614 2663 670 2702 11)
705 2664 777 2693 Non
815 2667 863 2693 est
893 2662 985 2702 iyicm·
1017 2664 1046 2699 2,
1079 2663 1149 2693 rell.
1181 2671 1211 2691 n.
1243 2672 1268 2691 e.
1303 2663 1420 2700 inquit.
1454 2662 1585 2691 cotidiae
1618 2661 1661 2690 M.
1724 2662 1778 2699 13)
1810 2661 1879 2698 adq.
1913 2661 1955 2689 M.

128 2737 170 2740 —
196 2724 302 2749 tamen
326 2720 403 2749 nihil
424 2724 485 2749 tum
508 2720 559 2749 his
585 2721 675 2758 prod.
702 2719 747 2750 fh.
774 2724 805 2749 et
828 2723 937 2748 tamen
960 2719 1082 2749 multam
1107 2719 1158 2747 his
1183 2719 1271 2757 prod.
1298 2728 1344 2747 rv.
1370 2728 1431 2748 om.
1456 2718 1540 2748 nihil.
1574 2728 1637 2747 non
1662 2718 1798 2747 multum
1823 2718 1883 2747 hoc
1908 2718 1958 2746 his

128 2776 241 2805 MRA2
263 2777 359 2815 (hiis)
379 2775 418 2806 G.
470 2776 524 2814 14)
551 2775 690 2814 indignis
715 2777 794 2805 haee
818 2775 982 2805 heredibus
1008 2775 1052 2804 fh.
1080 2776 1212 2812 indigno
1229 2775 1308 2804 haec
1326 2784 1391 2804 rva.
1411 2775 1477 2804 ind.
1496 2775 1607 2804 heredi
1625 2774 1702 2803 haec
1719 2774 1801 2803 MRQ
1823 2771 1957 2812 (G?Q).

128 2833 296 2863 relicturus
319 2833 358 2862 sit
380 2832 452 2862 MR.
482 2836 557 2863 sunt
583 2833 687 2862 rvafh.
713 2833 782 2862 rell.
811 2833 887 2862 sint.
926 2849 968 2852 -—
1006 2832 1147 2869 corrupti
1181 2848 1223 2851 ——
1260 2836 1396 2868 possunt
1421 2831 1493 2863 edd.
1524 2830 1601 2860 Scil.
1627 2831 1685 2860 hoc
1710 2830 1747 2859 R.
1800 2830 1857 2868 17)
1885 2829 1957 2859 (lum

128 2890 211 2919 nihil
227 2893 302 2919 castet
324 2889 395 2920 MR.
421 2889 490 2920 rell.
516 2899 585 2919 cum
610 2899 640 2920 n.
668 2890 761 2918 desit.
792 2898 915 2926 semper
940 2888 1056 2927 aliquid
1081 2889 1108 2916 2.
1158 2887 1280 2925 Scripsi
1305 2887 1390 2916 nihil
1414 2896 1483 2918 non.

241 2945 397 2976 ACRON.
445 2946 567 2975 Ymnus
593 2946 632 2975 ad
656 2947 792 2975 liberum
817 2949 942 2983 patrem
968 2945 1081 2975 scribit
1108 2948 1207 2973 metro
1233 2944 1354 2973 eodem.
1381 2944 1410 2972 A
1435 2943 1558 2984 (Hor.)
1583 2944 1637 2981 al„
1662 2947 1698 2973 ut
1715 2943 1740 2972 P
1758 2953 1818 2973 om.
1845 2945 1957 2973 scribit

130 3012 170 3032 111.
197 3013 233 3040 9.,
260 3004 312 3040 aL,
338 3007 373 3033 ut
398 3003 438 3041 H,
464 3013 523 3033 om.
549 3007 624 3032 met.
652 3004 772 3032 eodem.
821 3003 943 3032 Ymnus
980 3002 1019 3030 ad
1056 3002 1112 3030 lib.
1141 3010 1190 3038 pa.
1216 3004 1247 3029 ut
1269 3009 1365 3038 supra
1389 3000 1429 3029 K.
1479 3000 1629 3030 Liberum
1665 3004 1790 3038 patrem
1829 3001 1959 3029 inuocat

130 3059 241 3088 laudes
266 3060 405 3089 caesaris
432 3060 576 3089 dicturus
601 3061 651 3101 γΙ),
678 3064 713 3089 ut
737 3059 820 3102 ΕΒφ
845 3060 941 3089 Fran.
968 3059 1038 3089 Lib.
1065 3069 1115 3097 pa.
1144 3059 1208 3088 inu.
1235 3058 1414 3088 laudaturus
1438 3068 1594 3088 caesarem
1617 3059 1711 3088 Bern.
1739 3058 1775 3088 C.
1824 3059 1957 3088 Dieolos

130 3116 185 3144 lib.
212 3125 261 3153 pa.
289 3117 353 3145 inu.
380 3117 467 3146 laud.
494 3117 613 3155 aayustc'
636 3117 713 3146 dict.
739 3117 812 3146 Par.
838 3117 861 3146 Ι.
913 3116 983 3147 Ode
1009 3116 1185 3145 LXXXIII.
1211 3115 1248 3144 R.

244 3172 302 3210 22)
328 3177 355 3201 et
378 3174 445 3210 ipse
469 3172 596 3209 MR‚rC.
623 3173 691 3202 rell.
719 3183 778 3202 om.
806 3177 846 3204 et..
906 3173 964 3211 23)
992 3176 1104 3210 potens
1128 3174 1206 3214 ⁴{b2¹'·
1234 3173 1308 3202 inst.
1347 3173 1476 3202 iuuetur
1505 3174 1517 3201 1
1548 3170 1666 3212 GPQ).
1692 3173 1761 3202 rell.
1788 3173 1852 3203 iuu.
1880 3172 1956 3200 inst.

131 3228 276 3258 innitetur
301 3230 375 3258 inst.
400 3229 438 3259 R.
487 3230 544 3269 28)
569 3229 645 3259 enim
669 3229 731 3271 M-s.
757 3230 825 3260 rell.
851 3239 910 3259 om.
937 3229 1009 3259 Soli.
1036 3239 1098 3261 om.
1130 3228 1218 3266 1G,r.

1985 1020 2020 1049 11»

1987 1385 2022 1415 15
