2283 3535
288 1015 327 1046 10

286 1381 326 1414 15

347 209 429 250 498
1051 214 1157 247 Acss.
1182 213 1242 246 ET
1267 212 1435 246 PORPH.
1462 212 1610 245 COMM.

348 343 470 386 latur.
529 341 665 384 Porro
695 346 834 381 autem
864 338 1077 394 elephanti
1108 337 1304 379 dicuntur
1333 335 1471 378 auersi
1501 335 1636 384 coire3
1669 350 1720 376 ex
1751 349 1832 390 quo
1862 334 2028 376 uidetur
2056 341 2182 390 poeta

349 416 502 465 dicere,
544 429 638 456 cum
668 412 728 455 eis
759 427 852 454 eam
892 411 1170 454 concumbere
1212 410 1375 460 debere,
1418 409 1517 465 quia
1546 409 1662 450 illam
1693 423 1777 450 non
1808 407 1979 449 uideant
2008 414 2181 463 propter

349 487 658 531 deformitatem
688 485 834 542 ipsius.
897 485 1066 542 [Niyris.
1125 482 1434 540 Deformibus]

463 562 501 602 3.
532 575 603 602 nec
630 560 748 616 firmo
779 560 834 601 iu.
893 558 991 600 Hoc
1021 565 1095 608 est,
1126 572 1204 599 nec
1233 556 1376 598 ualido
1408 556 1479 611 qui
1510 555 1700 597 sufficere
1730 554 1900 596 libidini
1920 561 2016 595 tuae
2037 553 2181 609 possit.

464 649 586 690 neque
616 635 730 675 naris
762 632 820 673 ob.
895 630 993 673 Hoc
1023 636 1097 680 est,
1143 644 1280 685 neque
1310 629 1503 672 occlusae
1540 628 1668 679 naris,
1714 634 1758 670 ut
1792 626 1951 682 possim
1989 634 2182 683 putorem

352 707 541 763 corporis
571 706 631 748 tui
661 706 783 747 ferre.

464 782 501 823 5.
526 781 702 838 polypus
733 795 757 820 a
787 794 849 834 qr.
881 779 1048 820 hirsutis
1080 791 1112 819 c.
1143 777 1179 818 Ιι.
1210 778 1234 817 i.
1265 791 1303 817 α.
1362 774 1551 830 Polypus
1591 788 1675 816 non
1712 773 1757 816 in
1795 773 1874 816 alis
1915 773 1989 815 sed
2025 773 2071 815 in
2108 788 2185 815 na-

351 854 468 897 ribus
498 852 819 909 intellegendus.

465 929 502 968 7.
535 929 603 982 qui
624 927 750 968 sudor
770 940 810 966 u.
833 934 868 966 et
889 939 922 980 q.
944 939 994 966 m.
1017 939 1056 965 u.
1076 938 1127 965 m.
1151 938 1208 965 cr.
1230 923 1341 965 odor.
1383 920 1504 964 Ordo
1526 930 1609 964 est:
1634 920 1721 974 Qui
1743 920 1870 963 sudor
1893 920 2043 964 crescit
2061 920 2187 963 uietis

351 999 578 1043 membris?
617 1000 723 1041 Victa
752 1004 890 1040 autem
911 998 1089 1039 membra
1110 997 1306 1038 dicuntur
1327 1009 1379 1037 ex
1399 994 1647 1036 necessitate
1679 1001 1881 1045 contorta,
1912 1001 1958 1036 ut
1981 996 2189 1036 Terentius

352 1073 483 1129 (Eun.
492 1072 570 1124 IV,
583 1074 623 1125 4,
637 1074 711 1129 21)
721 1071 920 1115 ostendit:
931 1074 1060 1113 uietus
1070 1079 1186 1112 uetus
1195 1078 1430 1112 ueternosus
1439 1083 1562 1110 senex
1577 1067 1621 1124 [i.
1633 1082 1667 1109 e.
1680 1068 1927 1110 necessitate
1941 1067 2186 1125 contortus]

466 1147 604 1190 Malus
633 1147 809 1202 undique
838 1145 1036 1187 membris.
1094 1142 1192 1186 Hoc
1222 1143 1306 1184 iam
1337 1141 1695 1198 pronuntiandum
1716 1141 1785 1183 uel
1805 1142 2068 1184 efferendum
2089 1156 2185 1184 cum

352 1220 644 1263 admiratione.

466 1295 504 1335 8.
535 1308 624 1335 cum
647 1307 752 1350 pene
782 1308 813 1335 s.
842 1293 924 1334 ind.
942 1306 973 1333 r.
999 1307 1042 1348 p.
1073 1307 1102 1333 s.
1163 1288 1344 1345 Aspere,
1377 1303 1473 1330 cum
1503 1302 1555 1330 ex
1585 1288 1756 1331 fastidio
1777 1289 1839 1330 tui
1859 1289 1982 1344 penis
2002 1289 2189 1346 languet,

352 1374 398 1409 tu
427 1374 567 1409 tamen
598 1366 773 1422 cupiens
803 1365 971 1408 libidini
1002 1372 1097 1406 tuae
1129 1363 1382 1413 satisfacere,
1415 1362 1515 1403 dum
1544 1362 1742 1413 moueris,
1774 1363 1900 1405 sudas
1930 1363 2186 1419 delauasque

353 1448 510 1484 cretam
542 1448 583 1482 et
613 1447 772 1482 stercus
803 1438 1018 1489 crocodili,
1049 1437 1202 1494 quibus
1232 1436 1384 1479 faciem
1414 1436 1558 1477 fucare
1589 1435 1811 1478 consuesti.

469 1515 535 1555 11.
566 1516 684 1570 iamq.
716 1513 897 1555 subando
929 1521 954 1554 t.
986 1528 1017 1554 e.
1048 1520 1073 1554 t.
1103 1526 1137 1553 r.
1196 1510 1354 1553 subare
1384 1509 1556 1565 proprie
1588 1523 1682 1552 sues
1713 1510 1922 1561 dicuntur,
1969 1525 2064 1552 cum
2093 1509 2191 1553 libi-

356 1588 556 1630 dinantur
567 1603 577 1637 3
610 1587 709 1629 inde
739 1586 824 1628 iam
845 1584 1064 1627 translatio
1095 1590 1157 1626 est
1186 1584 1298 1625 facta
1333 1583 1377 1624 in
1415 1589 1581 1624 caetera
1617 1583 1830 1625 animalia.
1896 1585 2020 1626 Teuta
2052 1591 2191 1626 autem

355 1662 501 1705 cubilia
531 1661 686 1704 lectum
717 1660 820 1702 dicit
849 1658 1030 1702 restibus
1060 1657 1149 1700 siue
1179 1656 1365 1700 fasciolis
1397 1656 1648 1698 subtentum.

494 1777 526 1816 1)
564 1787 615 1816 po.
655 1777 722 1807 uid.
760 1774 912 1816 2(G‘?)Q.
964 1775 999 1814 2)
1026 1784 1096 1805 cum
1133 1775 1205 1812 hiS,
1249 1783 1311 1804 om.
1338 1782 1425 1810 eam,
1453 1774 1629 1803 concubere
1654 1774 1771 1804 debere
1796 1774 1833 1804 R.
1870 1774 1954 1805 conf.
1982 1776 2192 1806 concubentis

354 1835 440 1865 infra
465 1835 498 1864 in
523 1834 574 1877 Βφ
599 1835 640 1863 ad
666 1844 696 1863 u.
727 1834 765 1863 10
793 1838 824 1863 et
849 1833 1019 1862 concubam
1044 1832 1079 1861 in
1103 1830 1138 1860 M
1173 1831 1215 1860 ad
1239 1841 1271 1860 u.
1294 1831 1344 1860 13.
1370 1829 1445 1869 quia
1469 1829 1593 1866 MA,rv.
1619 1831 1688 1860 rell.
1715 1830 1779 1869 qui.
1828 1831 1863 1870 3)
1890 1831 1962 1872 Niy.
1987 1815 2126 1862 deform..
2144 1832 2194 1862 fh.

354 1892 423 1922 rell.
449 1901 511 1921 om.
537 1891 703 1920 Fabricius
729 1894 837 1920 utrum
861 1890 957 1928 petiit
974 1898 1018 1919 ex
1043 1885 1176 1919 codice?
1202 1887 1303 1917 Vetus
1329 1892 1380 1918 est
1405 1888 1516 1926 glossa
1540 1887 1575 1916 in
1591 1896 1608 1929 γ
1626 1890 1655 1916 et
1672 1886 1697 1917 C
1714 1888 1820 1917 obuia.
1870 1889 1906 1928 4)
1930 1897 1983 1919 nec
2000 1887 2192 1927 MR2G(Q).

353 1958 425 1979 non.
496 1946 531 1987 5)
569 1956 662 1977 nares
701 1947 785 1986 (bis)
825 1947 921 1984 M2,r.
964 1964 1006 1967 ——
1044 1950 1081 1976 ut
1124 1944 1234 1983 possit.
1273 1954 1357 1983 corp.
1394 1944 1440 1973 tui
1477 1942 1647 1981 MRG(Q).
1693 1944 1762 1973 rell.
1800 1945 1848 1975 tui
1889 1954 1974 1984 corp.
2047 1946 2081 1985 7)
2120 1945 2192 1976 rell.

353 2005 434 2035 halis
460 2004 541 2042 (bis)
569 2014 616 2041 rv,
642 2008 678 2034 ut
704 2013 800 2042 supra
825 2002 861 2033 C.
889 2003 913 2040 Ι,
941 2003 993 2041 37,
1023 2003 1061 2032 16
1089 2001 1118 2030 A
1144 2001 1175 2030 in
1200 2002 1269 2031 loco
1295 2000 1393 2038 Verg.
1444 2001 1478 2039 8)
1505 2000 1752 2039 intelligendum
1781 2002 1887 2031 rvafh.
1948 2002 1983 2041 9)
2013 2002 2072 2035 Qui
2095 2002 2194 2032 sudor

353 2060 546 2098 M‚2,rvafh‚
579 2065 615 2090 ut
639 2060 749 2090 Ambr.
784 2070 855 2089 cum
879 2060 988 2098 glossa
1020 2060 1042 2089 i.
1076 2061 1244 2097 quatenus.
1271 2056 1368 2086 Bern.
1397 2056 1487 2086 KAC
1511 2057 1584 2086 Par.
1611 2056 1657 2099 Αγ
1689 2056 1775 2095 (cum
1811 2059 1934 2096 glossa:
1961 2068 2055 2097 quam
2080 2059 2193 2098 teter).

355 2118 383 2148 R
399 2118 519 2156 aliique
544 2120 623 2147 uett.
649 2122 681 2148 et
703 2127 784 2147 rece.
809 2116 874 2156 quis
897 2116 1000 2145 sudor.
1019 2115 1070 2158 Βερ
1089 2124 1158 2144 cum
1175 2115 1283 2153 glossa
1306 2113 1414 2153 qualis.
1442 2112 1504 2148 Qui
1529 2113 1626 2143 sudor
1643 2115 1758 2144 crescit
1776 2124 1836 2144 om.
1853 2114 1899 2145 M.
1917 2115 1961 2145 R:
1988 2116 2076 2146 odor.
2105 2115 2194 2147 Ordo

355 2191 395 2195 —
415 2174 567 2204 membris
593 2184 653 2204 om.
681 2173 785 2204 rvafh.
852 2174 907 2211 10)
934 2177 1042 2202 autem
1068 2181 1130 2201 om.
1157 2170 1202 2201 fh.
1230 2171 1374 2201 membra
1399 2179 1460 2199 om.
1487 2170 1592 2199 rvafh.
1619 2174 1654 2200 ut
1681 2188 1719 2192 —
1748 2175 1914 2202 contortus
1939 2182 2001 2203 om.
2027 2172 2061 2202 M
2084 2173 2193 2204 Halm.

355 2231 468 2268 (uictos
484 2248 521 2251 —
546 2234 640 2260 uetus
665 2241 742 2269 om.‚
768 2234 851 2260 teste
877 2229 904 2264 Q
931 2239 960 2267 p.
977 2228 1116 2258 XXXIII
1144 2233 1191 2258 et:
1219 2228 1239 2257 i.
1267 2237 1293 2257 e.
1319 2237 1381 2257 orn.
1397 2228 1648 2257 —necessitate
1675 2229 1851 2268 contorta).
1904 2229 1959 2269 11)
1985 2230 2007 2259 i.
2036 2239 2062 2260 e.
2089 2239 2193 2260 neces.

356 2290 442 2318 cont.
468 2297 528 2317 om.
557 2286 616 2316 2G.
648 2288 757 2316 uietus
784 2285 862 2324 (om.
888 2284 1000 2325 uetus)
1025 2289 1214 2315 ueternosus
1241 2293 1342 2314 senex
1366 2292 1490 2313 necess.
1517 2288 1684 2314 contortus
1718 2294 1787 2314 rva.
1822 2286 1855 2314 id
1888 2290 1937 2316 est
1967 2286 2005 2323 R,
2036 2286 2083 2316 fh.
2136 2287 2192 2326 15)

355 2346 407 2372 tuo
433 2344 462 2373 2.
487 2343 611 2382 languit
633 2342 767 2382 RG(Q).
835 2341 891 2382 16)
924 2352 988 2372 cum
1013 2346 1122 2372 tamen
1147 2342 1178 2371 2.
1205 2345 1240 2371 tu
1265 2345 1362 2370 tamen
1386 2339 1584 2380 MARG(Q),
1610 2341 1678 2371 rell.
1710 2344 1747 2370 tu
1771 2345 1894 2373 tantum.
1920 2360 1963 2364 —
1988 2343 2193 2383 delauasque.

355 2399 543 2439 MR2G(Q).
571 2401 760 2439 delauatque
778 2410 808 2429 v.
834 2398 997 2437 diluis-que.
1018 2398 1084 2428 afh.
1136 2398 1192 2436 17)
1219 2407 1320 2428 ceram
1344 2397 1390 2427 fh.
1416 2397 1485 2426 rell.
1511 2401 1623 2427 cretam
1647 2407 1750 2427 ceram
1777 2398 1845 2428 rell.
1872 2402 2000 2429 cretam.
2028 2399 2198 2430 crucodilui

356 2457 391 2486 M
414 2456 520 2486 Halm.
548 2455 636 2496 (QP).
664 2461 800 2486 stercore
812 2455 941 2495 fucams
967 2454 1128 2485 crocodilli
1142 2454 1178 2484 R.
1204 2454 1369 2484 cocodrilli
1398 2453 1435 2483 G.
1462 2454 1531 2483 rell.
1565 2454 1720 2484 crocodili.
1741 2472 1782 2475 —
1801 2457 1995 2486 consuevisti
2013 2455 2194 2494 R1,rvfafh.

357 2513 515 2544 consumti
530 2513 670 2551 MG(Q).
696 2514 806 2544 sudas.
825 2513 889 2542 Iam
906 2517 1004 2542 manet
1020 2511 1142 2542 humida
1158 2510 1255 2550 creta]
1275 2515 1407 2540 stercore
1426 2510 1582 2549 phucatus
1600 2512 1775 2541 crocodilli.
1795 2512 1909 2551 quibus
1921 2512 2061 2551 phucare
2078 2512 2195 2544 faciem

358 2570 552 2601 consueuisti
577 2580 602 2599 r.
629 2569 776 2608 phricare
801 2580 831 2599 v.
859 2570 923 2599 Iam
946 2574 1054 2599 manet.
1103 2569 1215 2600 Solent
1241 2569 1392 2599 mulieres
1417 2569 1592 2598 meretrices
1619 2578 1660 2598 ex
1686 2573 1773 2598 creta
1798 2570 1818 2598 i.
1845 2579 1975 2599 cerussa
2000 2569 2038 2608 (i.
2065 2580 2196 2601 cerussa

358 2636 418 2657 orn.
456 2636 483 2668 γ.
516 2626 597 2656 conf.
636 2625 672 2656 C.
710 2625 806 2655 Ouid.
850 2627 933 2655 med.
973 2627 1024 2655 73.
1062 2626 1167 2656 Plaut.
1204 2625 1303 2655 Most.
1342 2625 1366 2662 Ι,
1407 2625 1436 2661 37
1473 2626 1546 2657 101.
1589 2624 1670 2654 Plin.
1708 2625 1854 2663 XXXIV,
1895 2626 1950 2666 18)
1989 2629 2020 2656 et
2057 2630 2195 2657 stercore

358 2683 518 2714 crocodilli
541 2683 657 2712 faciem
682 2683 779 2712 linire
804 2683 845 2712 ad
871 2683 1146 2721 pulchritudinem
1170 2682 1445 2720 augmentandam
1475 2681 1661 2721 (auyendam
1688 2692 1740 2720 pu.
1765 2682 1811 2724 γ).
1857 2682 1948 2712 Dicit
1982 2692 2058 2722 ergo
2084 2687 2195 2714 tantae

358 2741 509 2770 libidinis
536 2749 605 2770 esse
632 2740 721 2769 illam
746 2740 947 2769 meretricem
972 2743 1008 2768 ut
1034 2739 1109 2768 dum
1134 2739 1234 2768 uellet
1267 2739 1416 2768 exaeiare
1454 2738 1535 2777 (cum
1560 2749 1590 2768 u.
1618 2740 1776 2768 exsatiare
1801 2739 1834 2781 γ)
1871 2739 2017 2769 ardorem
2043 2741 2194 2771 libidinis

360 2807 434 2827 suae
461 2797 646 2835 (libidinem
673 2806 762 2826 suam
787 2794 819 2837 γ)
845 2795 877 2825 in
905 2796 982 2834 (om.
1007 2796 1040 2837 γ)
1066 2799 1157 2826 tanto
1183 2799 1280 2834 gestu
1305 2796 1444 2834 agitaret
1469 2806 1502 2826 se
1527 2797 1629 2834 ipsam
1655 2800 1690 2825 ut
1714 2804 1790 2834 prae
1815 2797 1931 2826 sudore
1957 2797 2088 2826 caderet
2107 2800 2196 2827 creta

359 2857 391 2882 et
416 2854 519 2883 omnis
545 2854 735 2890 compositio
760 2853 842 2882 facie
868 2852 972 2890 (fatiei
994 2853 1026 2894 γ)
1053 2853 1159 2882 soluto
1185 2851 1319 2890 (solutio
1344 2852 1376 2893 γ)
1403 2862 1484 2890 peric
1510 2854 1529 2882 i.
1556 2854 1786 2890 languescente
1813 2853 1876 2882 iam
1895 2854 1928 2883 in
1947 2854 2023 2892 igne
2041 2853 2195 2892 (inguine

357 2912 390 2952 γ)
416 2912 623 2941 concubentis
649 2911 827 2950 (concumb.
853 2911 896 2952 γ).
924 2911 983 2940 Est
1011 2914 1118 2940 autem
1143 2910 1236 2948 penis
1262 2919 1378 2939 nomen
1403 2910 1521 2939 tertiae
1553 2910 1795 2940 declinationis.
1829 2910 1918 2939 cuius
1950 2910 2113 2940 ablatiuus
2148 2913 2196 2940 est

353 2977 440 3007 pene.
481 2970 592 3007 hequen
617 2969 760 2998 hominis
787 2968 928 3006 positum
954 2968 1005 2997 hic
1030 2977 1087 3005 pro
1112 2967 1203 2997 uirili
1229 2968 1382 2996 membro.
1422 2966 1542 3006 (menb.
1567 2967 1610 3008 γ).
1653 2965 1706 2996 Sic
1730 2965 1784 3009 Βφ
1810 2970 1842 2996 et
1865 2975 1892 3007 γ.
1917 2966 1970 2996 Illi
1996 2967 2138 2996 addunt:
2176 2976 2194 2996 a

359 3035 421 3064 quo
446 3026 575 3054 uidetur
600 3025 732 3054 dii-inari
759 3025 876 3063 pedum
903 3025 988 3063 quod
1015 3024 1127 3062 signif.
1155 3024 1325 3062 genitalia.
1351 3033 1368 3065 γ
1392 3025 1508 3053 habet:
1529 3022 1638 3062 salsus
1661 3021 1822 3061 appositus.
1849 3023 1925 3061 quia
1957 3028 2080 3054 stercus
2106 3032 2194 3053 coco-

359 3081 446 3111 ‹lt-illi
468 3082 598 3110 candori
626 3083 787 3111 miscetur.
840 3082 895 3120 18)
921 3081 1080 3122 quando-s.
1099 3081 1169 3112 rell.
1197 3091 1276 3110 cum.
1329 3082 1384 3119 19)
1416 3081 1504 3110 Unde
1529 3080 1574 3110 fh.
1589 3080 1657 3109 rell.
1684 3079 1769 3109 inde.
1795 3078 1856 3108 iam
1881 3083 1912 3109 et
1937 3084 1979 3109 est
2003 3090 2062 3110 om.
2087 3079 2193 3110 rvafh.

362 3138 419 3176 20)
446 3137 579 3167 fasciolis
603 3138 762 3175 MRA‘Qa.
789 3138 872 3168 conf.
899 3138 924 3167 U
951 3143 979 3167 et
1014 3138 1117 3167 Pulm.
1144 3137 1291 3167 fasceolis
1318 3136 1356 3167 G.
1383 3136 1537 3167 fascinolis
1562 3147 1587 3166 r.
1614 3136 1734 3167 fasz'olis
1760 3146 1789 3165 v.
1815 3135 1925 3165 fascios
1949 3135 1995 3165 fh.
2015 3137 2193 3166 subtectum

362 3195 401 3224 G.
428 3195 627 3224 subtenctnm
642 3194 678 3222 R.
707 3196 917 3223 subtentatum
937 3195 965 3223 2.
985 3194 1054 3224 rell.
1073 3195 1267 3224 subtentum.
1317 3193 1353 3222 In
1371 3203 1388 3234 γ
1405 3194 1529 3231 glossa:
1547 3192 1690 3222 subando
1710 3201 1805 3231 supra
1822 3193 1929 3223 uirum
1947 3202 2017 3223 sese
2036 3193 2191 3223 eiciendo.

362 3252 522 3282 scholion:
547 3250 653 3279 subare
680 3251 803 3288 proprie
829 3251 980 3280 dicuntur
1005 3260 1077 3280 sues
1101 3250 1220 3289 quando
1246 3251 1472 3280 libidinantur.
1499 3250 1552 3279 hic
1584 3254 1692 3279 autem
1715 3248 1850 3278 subando
1875 3258 1969 3287 supra
1993 3249 2098 3279 uirum
2124 3257 2192 3279 sese

362 3308 529 3346 agitando.
555 3310 662 3338 tamen
688 3316 703 3337 a
731 3307 841 3337 suibus
866 3307 907 3337 ad
933 3307 1037 3337 omnia
1063 3307 1217 3338 animalia
1241 3310 1389 3340 tractum.
1416 3306 1497 3338 conf.
1518 3303 1554 3338 C.
1580 3305 1699 3338 cubilia.
1724 3307 1856 3337 loentum
1884 3305 2017 3345 (lectum
2041 3305 2084 3346 C)
2111 3306 2191 3338 dicit
