2170 3460
77 987 113 1017 ll)

75 1355 113 1385 15

140 180 222 220 270
773 187 878 219 Aen.
903 185 964 219 ET
989 184 1156 219 PoRPH.
1181 183 1330 217 COMM.

245 314 502 370 pharetratos
532 311 715 354 Gelonos.
775 309 931 353 Geloni
971 322 1076 365 gens
1107 306 1308 363 Scythiae
1345 306 1510 363 sagittis
1540 314 1702 362 potens,
1750 314 1796 349 ut
1826 306 1964 362 (Verq.

141 385 196 429 G.
227 386 285 437 Π,
317 386 443 441 125):
477 386 527 427 Ec
555 400 651 440 qens
680 385 753 426 illa
784 384 939 440 quidem
969 382 1139 437 sumptis
1169 396 1247 423 non
1278 381 1399 422 tarda
1422 381 1641 437 pharetris.

251 460 318 501 36.
348 459 582 501 inuiolatus.
642 457 829 499 Intactus
860 455 1035 497 tuitione
1065 453 1301 495 Musarum.

253 548 421 575 amnem.
479 531 659 572 Tanaim
695 530 784 588 [aut
814 527 1050 585 Histrum]‚
1097 527 1148 568 de
1186 542 1268 582 quo
1307 527 1418 583 Verq.
1460 525 1535 576 (G.
1566 526 1656 577 ΙΙΙ,
1689 527 1815 582 349):
1869 526 1967 583 [qua

140 607 344 662 Scythicae
381 613 513 662 qentes
552 605 832 660 Maeotioaque
868 601 1001 658 unda]
1058 601 1261 643 Turbidus
1299 609 1334 642 et
1373 610 1558 657 torquens
1593 601 1788 657 flauentes
1835 600 1967 641 Hister

139 681 326 722 harenas.

251 755 317 795 37.
361 754 429 795 Vos
460 753 578 793 Baes.
612 751 739 792 altum
769 750 850 790 mil.
910 747 1134 804 Magnum,
1166 748 1336 798 fortem,
1369 747 1458 789 siue
1488 746 1701 802 triumpho
1732 745 1966 788 sublimem.

140 826 260 869 Ordo
291 834 370 868 est:
403 825 492 867 Vos
523 823 723 866 recreatis
753 822 898 864 Pierio
930 829 1050 863 antro
1082 819 1310 863 Caesarem
1343 820 1473 862 altum
1503 819 1666 870 militia,
1698 827 1967 874 quaerentem

138 900 259 941 finire
290 899 454 941 labores
486 897 610 940 simul
641 896 805 938 abdidit
835 895 1005 951 oppidis
1034 896 1167 937 fessas
1197 894 1400 935 cohortes.

252 974 316 1014 38.
353 974 492 1014 Pes-sas
525 972 717 1013 cohortes.
778 971 917 1011 Fessas
945 969 1016 1010 hie
1046 983 1129 1010 non
1160 968 1312 1017 lassas,
1351 965 1425 1008 sed
1456 982 1481 1007 a
1510 965 1654 1008 labore
1686 966 1967 1021 quiescentes3

139 1047 191 1089 ad
222 1046 493 1087 hiemandum
538 1045 650 1086 enim
689 1044 740 1085 dc
777 1042 926 1084 castris
964 1042 1017 1083 ad
1049 1041 1207 1097 oppida
1237 1040 1469 1082 ducebatur
1499 1039 1721 1081 exercitus.
1791 1039 1964 1087 Abdidit,

138 1120 312 1162 interius
343 1118 597 1169 recondidit,
645 1124 689 1159 ut
721 1117 738 1165 (
753 1118 858 1171 Verq.
889 1114 944 1157 A.
976 1114 1086 1165 VII,
1125 1116 1246 1170 387ss
1300 1122 1335 1155 ec
1366 1122 1504 1155 natam
1533 1114 1740 1168 frondosis
1770 1112 1968 1155 montibus

139 1195 260 1236 abdit.

252 1269 317 1309 39.
347 1267 463 1323 finire
495 1280 626 1322 quaer.
659 1266 829 1307 labores.
887 1261 1170 1304 Necessitates
1199 1260 1406 1302 bellorum
1444 1260 1498 1301 ad
1536 1274 1737 1315 praesens
1767 1259 1968 1302 releuare.

251 1343 318 1382 40.
353 1341 484 1382 Pierio
516 1354 620 1381 reor.
652 1347 780 1380 antro.
840 1335 1008 1378 Musico
1039 1342 1223 1386 secreto,
1261 1341 1306 1376 ut
1336 1334 1574 1376 ostenderet
1605 1332 1836 1376 Caesarem
1866 1347 1970 1389 poe-

139 1415 247 1456 ticae
279 1428 444 1469 quoque
475 1413 577 1455 artis
608 1411 854 1454 studiosum.

251 1490 318 1529 41.
349 1503 422 1529 uos
454 1489 537 1529 lene
569 1487 777 1529 consilium
808 1492 843 1526 et
874 1484 989 1525 datis.
1048 1481 1133 1523 Per
1161 1480 1323 1532 Musas,
1357 1482 1400 1523 id
1431 1489 1504 1532 est,
1538 1495 1614 1537 per
1645 1481 1829 1523 studium
1859 1480 1970 1522 litte-

139 1577 281 1603 rarum
312 1561 500 1617 intellegi
530 1560 632 1610 uult,
664 1565 845 1600 mentem
877 1556 1085 1612 sapientia
1115 1554 1319 1596 roborari.
1382 1556 1484 1597 Leno
1515 1555 1627 1596 enim
1658 1553 1879 1597 eonsilium
1901 1569 1969 1597 sa-

140 1635 341 1691 pientiam
373 1650 422 1676 ac
453 1632 745 1689 philosophiae
777 1630 1109 1672 moderationem
1141 1628 1255 1670 dicit.

252 1711 319 1749 42.
352 1710 496 1749 seimus
526 1715 569 1749 at
598 1709 690 1762 imp.
726 1707 894 1747 Titanas
928 1730 979 1734 --
1011 1717 1147 1759 aequo.
1210 1701 1330 1745 Ordo
1362 1713 1441 1744 est:
1487 1700 1655 1744 Scimus
1685 1708 1729 1744 ut
1759 1700 1973 1744 sustulerit

139 1782 291 1837 impios
322 1781 497 1823 Titanas
528 1780 685 1821 caduco
716 1778 890 1820 fulmine
928 1783 968 1818 et
1004 1777 1218 1818 inmunem
1263 1775 1457 1826 turbam,
1502 1791 1610 1817 unus
1655 1775 1726 1831 qui
1767 1782 1973 1830 temperat

138 1856 311 1896 inertem
342 1864 496 1895 terram
528 1861 567 1894 et
596 1860 817 1894 uentosum
848 1865 963 1891 mare
995 1859 1034 1892 et
1066 1850 1137 1905 qui
1169 1864 1303 1906 aequo
1336 1850 1513 1905 imperio
1545 1849 1657 1906 regit
1682 1849 1818 1892 tristia
1838 1862 1972 1904 regna

139 1937 178 1970 et
207 1929 332 1970 urbes
364 1935 403 1969 et
433 1927 570 1969 Diuos
601 1934 642 1968 et
671 1925 868 1967 mortales
899 1923 1054 1965 turbas.

250 2004 317 2043 42.
349 2003 415 2041 43.
447 2002 584 2056 impios
620 2001 796 2041 'sicanas
857 1997 943 2039 Hic
974 1997 1195 2052 paroc-basi
1226 1997 1428 2048 ostendit,
1466 1997 1582 2039 uires
1623 1997 1712 2039 sine
1744 1996 1972 2053 prudentia

103 2091 115 2097 ”
147 2091 231 2117 non
264 2075 396 2118 solum
444 2089 575 2115 uanas
621 2087 724 2124 esse,
771 2071 843 2113 scd
890 2070 1014 2112 etiarn
1061 2071 1141 2113 sibi
1189 2071 1400 2113 aduersas.
1475 2071 1604 2114 Unde
1648 2079 1689 2113 et
1738 2069 1974 2126 Gigantum

257 2176 288 2213 l)
304 2174 353 2204 Ad
372 2175 430 2204 loe.
444 2174 540 2211 Verg.
561 2173 600 2203 cf.
616 2172 763 2201 Dimued.
780 2172 856 2200 411.
875 2171 909 2200 Ρ.
929 2176 965 2200 ut
981 2170 1037 2213 Λγ.
1056 2171 1125 2200 rell.
1144 2180 1208 2201 om.
1248 2172 1282 2211 2)
1301 2181 1360 2201 non
1374 2172 1431 2215 Λγ.
1447 2172 1549 2201 schol.
1568 2181 1628 2202 om.
1644 2171 1674 2201 b.
1689 2175 1741 2201 aut
1752 2180 1775 2200 r.
1791 2170 1861 2200 rell.
1878 2169 1970 2199 hand.

141 2233 176 2271 3)
202 2231 340 2261 tuitione
357 2232 437 2260 Mus.
456 2230 581 2273 A-slzssj.
599 2231 721 2259 tatione
746 2238 824 2258 mus.
844 2238 944 2258 rrnva.
963 2229 1032 2257 rell.
1050 2229 1134 2258 Mus.
1153 2232 1199 2259 tu.
1219 2229 1320 2257 schol.
1340 2238 1400 2257 orn.
1418 2229 1448 2258 b.
1468 2229 1612 2258 intactus
1629 2238 1691 2258 om.
1710 2238 1734 2258 r.
1753 2227 1930 2257 immolatus
1946 2236 1971 2255 r.

139 2288 252 2317 affinitio
270 2298 349 2317 mus.
369 2289 397 2317 2.
417 2288 526 2325 Neque
544 2286 656 2316 anuntio
675 2295 778 2323 nequo
795 2286 896 2315 tutela
913 2294 992 2322 opus
1011 2289 1071 2314 est.
1091 2286 1184 2314 tuitio
1203 2284 1270 2314 Cic.
1285 2285 1363 2323 Top.
1384 2286 1435 2314 23.
1454 2285 1592 2315 Macrob.
1611 2285 1652 2322 11,
1671 2286 1700 2314 2.
1734 2286 1771 2323 4)
1790 2283 1895 2314 Schol.
1911 2292 1971 2313 orn.

140 2344 178 2373 A.
198 2348 253 2373 aut
281 2363 286 2365 -
310 2362 320 2365 -
345 2354 460 2373 arenas
487 2354 547 2373 orn.
572 2353 599 2385 γ.
627 2348 681 2372 aut
707 2342 791 2371 llist.
819 2350 879 2370 ern.
906 2341 1066 2377 lsslsrnva.
1092 2341 1209 2370 Istrum
1228 2340 1301 2370 th.
1331 2342 1401 2376 Qua
1423 2359 1456 2362 »ἡ
1481 2343 1567 2371 unda
1592 2352 1651 2371 om.
1672 2340 1860 2378 HLCrmva,
1887 2339 1970 2369 Ister

139 2411 252 2430 arenas
277 2400 348 2431 th.
377 2402 444 2430 rell.
472 2401 556 2430 Ilist.
586 2402 651 2429 har.
713 2401 743 2439 7)
768 2399 799 2428 in
824 2399 899 2428 triu.
927 2399 956 2427 2.
1015 2400 1050 2437 8)
1078 2397 1166 2427 Ordo
1215 2415 1229 2418 -
1259 2398 1404 2427 cobortes
1430 2408 1491 2427 oin.
1521 2398 1581 2428 Ab.
1624 2399 1766 2427 choortes
1787 2396 1849 2426 bD.
1914 2395 1970 2434 10)

140 2458 243 2487 sensas
280 2459 350 2487 coh.
376 2467 401 2499 γ.
451 2475 492 2478 κ<
542 2458 664 2495 quietas
690 2458 720 2485 2.
762 2456 875 2491 lassas,
899 2459 931 2484 ut
955 2464 972 2483 a
998 2455 1106 2484 labore
1130 2454 1256 2483 militari
1280 2456 1487 2493 quiescerent.
1527 2456 1582 2484 sed
1609 2455 1716 2484 labore
1739 2463 1775 2496 γ,
1817 2453 1879 2482 lab.
1905 2462 1971 2491 req.

141 2523 179 2552 v.
222 2515 326 2552 hylem.
352 2515 474 2543 rrnvah.
527 2515 583 2552 ll)
610 2513 642 2542 in
666 2522 738 2551 epp.
766 2513 813 2541 th.
849 2512 889 2540 ad
917 2512 1013 2540 hiem.
1041 2512 1082 2540 ad
1107 2511 1227 2549 oppida
1251 2520 1286 2540 ew
1313 2512 1427 2541 castris
1453 2510 1626 2541 ducebatur
1652 2520 1740 2540 exer.
1781 2510 1855 2539 lect.
1881 2509 1970 2548 uulg-

140 2572 340 2601 ‹lucebantur
366 2580 451 2600 exer.
478 2570 514 2600 C.
557 2571 668 2608 scripsi
695 2570 880 2599 ducebatur.
923 2569 1120 2598 ducebantur
1145 2577 1187 2597 sc.
1214 2569 1362 2598 cohortes.
1404 2569 1604 2598 ducebantur
1634 2570 1665 2605 2,
1703 2577 1764 2597 om.
1793 2576 1881 2596 exer.
1928 2582 1972 2588 ·-—-

139 2627 261 2656 abdidit
287 2626 502 2669 Asnam-assi
533 2627 627 2656 lectio
653 2626 788 2655 Aeronis
815 2635 899 2661 esse,
937 2625 1064 2654 addidit
1091 2624 1131 2661 K,
1159 2625 1228 2654 Par.
1255 2625 1402 2668 B'qlkrin
1436 2625 1564 2655 Horatii
1590 2625 1731 2654 uidetur.
1767 2623 1806 2653 cf.
1833 2623 1907 2653 Tae.
1934 2622 1971 2653 A.

140 2684 226 2721 xm,
254 2685 312 2713 31:
339 2683 451 2712 additis
475 2683 630 2714 nelei-cmiii⁴
673 2692 803 2712 rasurae
829 2682 1031 2719 frequentes,
1065 2686 1099 2711 ut
1125 2682 1219 2711 Rern.
1248 2682 1276 2711 A
1303 2682 1394 2719 add„
1430 2682 1454 2711 (J
1479 2683 1552 2712 abd.
1568 2705 1575 2718 ‚
1608 2685 1661 2711 aut
1686 2691 1754 2710 uar.
1783 2681 1872 2711 lectt.
1898 2685 1934 2710 ut
1959 2680 1971 2709 Ι

140 2742 214 2770 abd.
240 2740 288 2769 vel
312 2740 471 2777 reddidit,
498 2740 581 2778 qumi
607 2740 626 2768 b
652 2745 682 2768 ct
709 2739 800 2769 MNO
829 2739 959 2767 habeut.
1016 2740 1069 2777 12)
1099 2738 1239 2768 recondit
1263 2738 1318 2781 Λγ.
1361 2744 1396 2768 ut
1425 2757 1460 2761 -
1491 2739 1582 2769 abdit
1608 2748 1648 2767 ex
1676 2737 1773 2780 Amo.
1813 2738 1882 2767 rell.
1909 2747 1969 2766 om.

141 2798 240 2826 schol.
268 2807 328 2826 orn.
356 2798 384 2826 b.
449 2798 503 2835 14)
530 2807 597 2826 nce.
623 2796 761 2825 laborum
800 2804 824 2836 γ.
862 2795 1001 2824 reaelare
1019 2805 1042 2823 r.
1184 2796 1278 2825 releu.
1307 2795 1430 2834 cupiens
1457 2798 1485 2825 2.
1550 2796 1604 2834 15)
1632 2795 1753 2824 musico
1777 2794 1826 2823 uel
1849 2798 1972 2823 secreto

142 2854 176 2882 lt.
215 2859 336 2882 serrem
370 2865 428 2883 oni.
466 2855 493 2884 2.
537 2858 564 2882 et
593 2858 626 2883 ut
653 2856 682 2882 2.
727 2853 828 2881 Musis
856 2862 943 2881 sacro
969 2855 999 2880 et
1026 2856 1157 2881 secreto.
1193 2853 1250 2882 hoc
1276 2853 1356 2882 dicit
1383 2852 1437 2889 (ut
1462 2853 1480 2881 b
1507 2852 1617 2890 dixit),
1655 2855 1691 2880 ut
1716 2861 1733 2879 o
1754 2850 1905 2880 tenderet
1932 2849 1969 2879 C.

146 2912 199 2949 17)
226 2919 280 2947 per
305 2922 363 2939 oin.
391 2912 419 2939 2.
462 2911 600 2940 studium.
625 2908 910 2951 A-shltl2ssjr1nva.
933 2909 1046 2946 l'orph.
1074 2909 1181 2937 studia
1206 2909 1281 2944 th.
1334 2908 1389 2948 18)
1416 2909 1483 2939 lene
1513 2911 1539 2938 1.
1566 2925 1607 2929 —-
1634 2908 1810 2946 sapientiae
1834 2916 1860 2949 γ.
1888 2906 1971 2944 sapi-

142 2969 262 2997 entiam
278 2968 468 3005 Alt2,ruwa.
488 2968 599 3006 l'erph.
628 2968 806 3005 sapientam
831 2965 866 2996 C.
893 2965 1083 3004 sapientium
1100 2966 1177 3001 th.
1203 2975 1239 2995 ac
1255 2966 1385 3007 7¹³3,st
1414 2966 1482 2995 rell.
1508 2965 1557 2995 arl.
1608 2965 1666 3003 20)
1695 2964 1781 2995 Ordo
1799 2980 1838 2985 -ν
1856 2964 1968 2993 turbas

141 3035 201 3054 om.
229 3024 287 3053 Ab.
331 3024 369 3053 vr.
400 3025 514 3061 l'orph.
541 3025 580 3053 :ul
607 3024 652 3061 11,
686 3026 709 3053 1.
745 3028 794 3053 est
819 3034 879 3053 oni.
908 3024 944 3052 R.
971 3023 1104 3052 sustulit
1134 3025 1160 3054 1.
1210 3024 1268 3061 21)
1296 3023 1427 3052 Titanos
1453 3023 1484 3051 h.
1536 3022 1592 3060 22)
1622 3021 1734 3051 inhert.
1760 3030 1786 3062 γ.
1835 3021 1895 3059 24)
1921 3024 1971 3059 ty-

142 3085 235 3111 ianas
263 3082 291 3117 2,
319 3086 353 3110 ut
379 3091 484 3118 supra.
526 3081 647 3118 Seripsi
677 3082 852 3119 paret-basi.
895 3081 946 3109 hie
966 3090 1025 3118 per
1049 3079 1172 3119 exiguas
1197 3080 1270 3121 ·sb‘.2.
1314 3080 1364 3108 bic
1383 3077 1553 3117 pareqnasi
1575 3077 1612 3107 A.
1651 3078 1718 3107 rell.
1745 3077 1798 3106 hic
1823 3087 1878 3115 per
1903 3076 1969 3106 tita-

140 3148 207 3169 nas.
245 3138 284 3169 cf.
313 3138 426 3176 l'orph.
493 3139 551 3177 252)
578 3148 638 3167 non
666 3138 766 3167 solum
788 3137 970 3177 peremynas
995 3146 1064 3166 esse
1090 3137 1126 3166 C.
1265 3136 1416 3166 aduersas
1441 3135 1503 3165 sibi
1529 3134 1630 3164 lnvsh.
1662 3134 1806 3164 aduersis
1842 3134 1905 3164 sibi
1941 3143 1970 3162 a.

143 3196 204 3225 sibi
231 3205 291 3225 oui.
320 3197 350 3223 2.
