2283 3535
272 1022 312 1054 10

269 1391 308 1422 15

340 222 421 264 456
977 230 1169 262 Acu.ET
1194 229 1535 261 PORPH.conir

1039 433 1331 489 EPODOS
1374 435 1468 488 ΙΠ.

1158 550 1347 593 ACRON.

452 648 642 688 Parentis
673 663 706 688 ο.
739 663 767 687 s.
800 663 833 703 q.
864 649 889 687 i.
921 662 971 687 m.
1052 647 1244 693 Parentis,
1277 646 1422 700 patris,
1454 653 1497 686 ut
1529 645 1603 701 (A.
1636 645 1713 696 VI,
1754 646 1875 700 609):
1922 646 2167 686 Pulsatusue

330 735 494 776 parens.
557 718 604 761 Si
636 720 707 774 qui
748 734 863 774 ergo,
900 719 1048 773 inquit,
1087 719 1363 773 parricidium
1408 719 1566 768 fecerit,
1615 719 1850 760 commedat
1894 718 2038 759 allium
2087 732 2164 772 pro

335 808 485 848 paena,
519 794 617 848 quia
648 800 705 834 est
736 807 898 834 ueneno
930 792 1160 833 nocentius.

447 870 483 908 2.
519 868 640 908 senile
660 882 696 921 q.
759 864 828 906 Ad
851 873 1122 921 augmentum
1145 865 1314 907 sceleris
1337 865 1440 906 dixit
1477 866 1610 915 senile,
1641 866 1752 920 quia,
1783 865 1909 906 etiam
1939 864 1974 907 si
2005 864 2167 906 occisus

333 955 415 981 non
447 947 568 989 esset,
599 939 707 981 mori
737 947 876 980 tamen
908 939 1102 994 potuerit,
1147 946 1192 979 ut
1226 940 1375 981 Lucan.
1408 938 1463 988 ΙΙ,
1503 940 1624 994 105);
1663 939 1751 980 Iam
1797 942 1899 980 senis
1945 947 2167 980 extremum

335 1015 466 1070 piqzm't
494 1014 749 1068 uerqentz'bus
782 1015 901 1054 annis
923 1014 1213 1068 praecipitasse
1245 1014 1360 1053 diem.

447 1089 486 1129 3.
519 1087 607 1128 edit.
668 1086 754 1127 Pro
785 1087 895 1133 eda!;
932 1086 992 1127 sic
1023 1085 1134 1126 enim
1165 1093 1328 1127 ueteres
1359 1084 1628 1126 declinabant
1649 1087 1666 1140 Η
1688 1117 1697 1136 ,
1719 1094 1762 1126 ut
1794 1085 1868 1141 (A.
1901 1084 2007 1135 XII,
2040 1085 2165 1140 801):

336 1161 418 1203 Nec
448 1168 482 1201 te
515 1169 649 1202 tantus
681 1161 760 1202 edi!
791 1162 948 1202 tacitam
980 1161 1108 1201 dolor.

446 1236 484 1274 4.
518 1250 538 1275 ο
570 1235 675 1276 (Iura.
707 1250 757 1276 m.
792 1235 876 1275 ilia.
935 1232 1094 1283 Fortia,
1126 1239 1169 1273 ut
1202 1231 1277 1287 (G.
1299 1232 1369 1282 IV,
1393 1233 1514 1288 512):
1549 1233 1679 1274 durus
1711 1240 1853 1273 arator
1875 1231 2165 1289 [Obseruans]

448 1308 485 1349 6.
518 1323 615 1348 num
646 1309 876 1364 ueperz'mus.
937 1306 1191 1362 Viperinum
1223 1306 1470 1362 sanguinem
1503 1320 1710 1347 uenenum
1747 1305 1861 1347 dicit.

452 1383 488 1421 7.
521 1384 710 1423 incoctus.
769 1379 1021 1421 Permixtus.

445 1455 481 1496 8.
520 1455 688 1496 Canidia
721 1463 769 1495 tr.
804 1455 937 1510 dapes.
1017 1453 1224 1494 Canidiam
1259 1467 1336 1507 pro
1370 1451 1567 1494 Gratidia
1597 1452 1755 1508 posuit3
1798 1467 1881 1494 non
1913 1452 2024 1493 enim
2055 1467 2165 1507 pro-

332 1528 471 1583 prium
503 1543 656 1570 nomen
687 1528 822 1569 notari
864 1527 1039 1569 decebat
1075 1527 1118 1568 in
1164 1526 1363 1577 carmine,
1409 1534 1471 1567 ut:
1520 1528 1629 1568 nulli
1666 1528 1808 1582 ιᾳναῑιῖε
1853 1535 1911 1568 est
1951 1540 2165 1583 percussus

332 1602 531 1644 Achilles?
586 1601 686 1642 Fuit
717 1609 855 1642 autem
888 1599 1086 1642 Gratidia
1115 1600 1397 1656 unguentaria
1426 1599 1721 1656 Neapolitana,
1755 1601 1874 1655 quasi
1904 1600 2106 1641 malefica.

446 1676 623 1717 10—12.
656 1676 803 1716 mirata
836 1683 892 1716 est
923 1675 1064 1716 ducem
1098 1700 1147 1703 —
1183 1674 1375 1715 Iasonem.
1434 1673 1679 1724 Adamauit‚
1717 1689 1840 1729 quem
1873 1688 1999 1729 super
2020 1688 2164 1715 omnes

443 1818 603 1849 ACRON.
645 1820 697 1849 Ad
731 1824 927 1848 mecenatem
960 1818 987 1847 A
1014 1818 1131 1857 (Acr.).
1168 1818 1350 1848 Execratur
1385 1818 1470 1857 quod
1501 1819 1586 1856 apud
1619 1823 1816 1848 mecenatem
1843 1819 1942 1848 alium
1968 1817 2094 1856 (allium
2119 1818 2162 1858 E)

329 1876 439 1905 ederat
465 1876 651 1912 (comederat
678 1876 754 1915 ED)
783 1880 811 1905 et
839 1880 910 1905 estu
936 1875 1150 1913 torquebatur
1175 1875 1203 1904 A
1223 1875 1332 1914 (Hor.)
1358 1875 1394 1912 E,
1422 1876 1475 1913 qui
1502 1876 1593 1904 addit
1621 1876 1866 1914 inscriptionem
1894 1877 1928 1905 in
1952 1875 2044 1919 γῦΒφ
2068 1875 2162 1905 Fran.

327 1933 473 1962 obuiam:
510 1933 549 1961 ad
580 1937 778 1962 mecenatem
812 1933 972 1961 ternarius
1008 1932 1164 1960 iambicus
1197 1932 1342 1961 binarius
1382 1933 1538 1961 iambicus
1571 1933 1722 1970 epodicos
1749 1932 1847 1970 (Ξῖ).
1883 1933 2031 1970 epodicus
2061 1932 2160 1975 γΒφ).

327 1989 525 2018 Exsecratur
550 1989 659 2018 allium
685 1999 713 2027 q.
740 1999 768 2018 a.
797 1999 837 2018 m.
864 1988 984 2018 comed-
1012 1992 1043 2017 et
1070 1997 1095 2017 e.
1121 1992 1202 2026 torq.
1229 1988 1270 2017 D.
1291 1988 1410 2018 Execr.
1437 1999 1467 2026 q.
1494 1998 1543 2026 ap.
1568 1998 1646 2018 mec.
1674 1989 1769 2018 alium
1797 1990 1906 2018 ederat
1932 1993 1964 2018 et.
1988 1988 2161 2019 aestuabat.

326 2044 380 2074 Ad
405 2045 441 2075 G.
476 2045 676 2075 Mecenatem
710 2046 837 2075 iambic.
872 2046 1017 2083 epodicos
1048 2048 1114 2074 vet..
1148 2045 1259 2074 Ambr.
1292 2044 1343 2074 Ad
1374 2045 1563 2084 auyustinum
1593 2050 1813 2075 maecenatem
1846 2050 1930 2075 tern.
1964 2047 2060 2076 iamb.
2094 2046 2160 2075 bin.

329 2102 425 2131 iamb.
453 2103 600 2140 epodicos
626 2103 666 2132 H.
693 2103 718 2132 R
744 2104 842 2132 inser.
870 2106 969 2132 caret.

443 2160 477 2198 5)
503 2160 649 2188 Parentis
684 2164 766 2197 patr.
797 2177 832 2181 —-
856 2169 972 2197 parens
1005 2169 1065 2189 om.
1102 2158 1266 2195 lG,mvca.
1301 2160 1404 2197 patris
1433 2176 1471 2179 —
1492 2168 1609 2197 parens
1640 2170 1699 2189 om.
1727 2169 1752 2188 r.
1778 2158 1920 2188 Parentis
1945 2159 1964 2188 i.
1993 2168 2018 2188 e.
2045 2159 2160 2196 patris.

325 2214 358 2244 Si
376 2216 448 2253 quis-
474 2215 533 2244 Re.
561 2234 602 2236 —
636 2216 839 2254 puisatusque
864 2216 903 2245 A.
955 2217 988 2255 ti)
1014 2225 1046 2258 γε
1075 2217 1094 2245 i.
1119 2218 1145 2245 si
1172 2218 1242 2255 quis
1268 2217 1479 2255 parricidium
1497 2216 1518 2246 f.
1537 2228 1562 2246 c.
1591 2218 1700 2246 allium
1721 2218 1804 2246 sicut
1821 2217 1931 2254 virgil.
1950 2216 2004 2255 (Ε.
2022 2217 2064 2252 11,
2084 2216 2159 2255 10):

331 2272 444 2301 Testilis
475 2276 501 2300 et
524 2271 634 2310 rapido
666 2272 760 2301 fessis
793 2272 990 2301 messoribus
1023 2277 1104 2301 estu.
1137 2273 1211 2302 allia
1244 2273 1483 2311 serpilliumque
1513 2274 1545 2302 h.
1573 2283 1597 2302 c.
1624 2283 1649 2302 o.
1677 2273 1768 2311 (sie).
1796 2274 1876 2305 conf.
1896 2272 1920 2303 C
1945 2278 1975 2302 et
2001 2273 2157 2303 Ribbeck.

325 2328 440 2365 Porph.
472 2329 511 2356 ad
541 2338 568 2357 u.
596 2329 626 2357 4.
676 2346 718 2348 -—
766 2329 820 2357 all.
847 2329 966 2357 comed.
1003 2329 1031 2357 2.
1066 2328 1199 2358 ALIVM
1224 2329 1276 2372 Βφ
1309 2330 1349 2358 ad
1381 2340 1495 2368 marg„
1528 2330 1689 2367 principio
1715 2331 1831 2360 scholii
1864 2330 1976 2367 primi:
2006 2330 2076 2359 Hac
2101 2330 2159 2359 ode

324 2388 493 2414 execratur
529 2384 665 2413 ALIVM
700 2384 763 2413 sine
799 2384 902 2413 allium
938 2385 1127 2423 significans
1164 2390 1223 2415 etc.
1262 2387 1300 2415 cf.
1333 2386 1450 2424 Porph.
1517 2388 1552 2425 8)
1578 2395 1704 2424 augum.
1745 2388 1773 2415 2.
1825 2404 1865 2407 —
1914 2387 1967 2425 qui
1999 2387 2098 2416 etiam
2131 2387 2158 2416 si

322 2440 440 2477 AR‚rv.
467 2440 522 2479 qui
544 2445 570 2470 et
594 2442 621 2470 si
647 2442 676 2470 2.
703 2442 770 2470 rell.
798 2441 872 2479 quia
898 2443 995 2470 etiam
1022 2443 1057 2471 si.
1123 2444 1157 2482 9)
1184 2447 1291 2471 tamen
1316 2452 1375 2472 om.
1401 2443 1439 2472 A.
1489 2461 1530 2463 ——
1578 2443 1649 2472 Non
1683 2442 1733 2481 (fi)
1759 2442 1848 2480 Azr.
1874 2452 2005 2472 saeuum
2032 2444 2061 2472 2.
2087 2444 2157 2474 rell.

323 2497 413 2527 senis.
467 2499 521 2536 11)
549 2497 613 2526 edit
636 2498 664 2526 A
692 2497 741 2535 (in
768 2498 843 2527 Hor.
871 2503 902 2528 et
929 2499 960 2527 in
986 2499 1110 2538 lemm.)
1136 2509 1249 2540 ·(,cvm.
1284 2500 1351 2528 rell.
1387 2500 1471 2529 edat.
1497 2509 1554 2537 pro
1579 2499 1606 2527 A
1630 2504 1694 2528 vet.
1720 2499 1828 2529 Ambr.
1853 2498 1961 2541 ‘(,th.
1987 2510 2046 2530 om.
2074 2500 2158 2537 R12,

321 2564 401 2583 rmv.
428 2554 575 2584 comedat
601 2553 678 2593 (G22)
705 2553 783 2589 be.
811 2565 870 2583 om.
902 2556 952 2592 12,
978 2565 1057 2585 rniv.
1091 2556 1168 2585 edat
1200 2556 1284 2597 A-(‚r.
1318 2556 1396 2584 edat.
1430 2556 1498 2585 edet
1527 2556 1563 2585 R.
1596 2555 1654 2584 edit
1688 2555 1799 2585 cicutis.
1827 2566 1882 2594 pro
1910 2556 1989 2585 edat.
2015 2555 2157 2586 futurum

321 2614 449 2648 tempus
475 2611 625 2648 optatiui.
653 2611 699 2639 sic
725 2611 877 2639 dicebant
905 2611 1135 2650 (loquebantur
1160 2611 1200 2650 O)
1227 2613 1369 2650 antiqui:
1403 2613 1527 2642 utinam
1555 2611 1645 2641 edim.
1673 2613 1752 2641 edis.
1781 2613 1857 2641 edit..
1886 2613 2020 2642 edimus.
2048 2613 2155 2642 editis.

322 2667 419 2696 edunt
461 2666 567 2705 (edint
605 2666 645 2705 C)
682 2676 710 2708 γ.
749 2666 831 2696 conf.
871 2666 906 2704 C,
944 2668 1062 2706 Porph.
1100 2674 1131 2698 et
1167 2669 1272 2698 Nann.
1311 2668 1402 2698 Misc.
1440 2668 1497 2703 ΙΙΙ,
1539 2669 1589 2697 19.
1614 2667 1707 2699 Grut.
1746 2668 1856 2706 Lamp.
1893 2669 1926 2705 Ι,
1968 2669 2062 2698 1269.
2094 2677 2158 2706 pro

320 2723 389 2752 edat
412 2728 476 2752 vet.
501 2723 609 2752 Ambr.
637 2723 680 2761 gl.
733 2724 789 2761 1⁶2)
818 2723 884 2752 Nec
909 2729 940 2753 tc
966 2724 1082 2762 A1{2‚1·.
1109 2725 1177 2754 rell.
1204 2730 1228 2754 te
1252 2735 1315 2754 nec.
1341 2725 1373 2754 ni
1397 2730 1427 2755 te
1453 2724 1607 2753 Ribbeck.
1635 2723 1718 2753 conf.
1745 2724 1893 2754 Diomed.
1922 2725 1997 2754 358.
2024 2743 2060 2746 -—-
2090 2725 2158 2754 edet

321 2779 536 2817 ARG,1·vacf11
564 2779 746 2817 (perperam
774 2779 819 2815 Q:
848 2780 920 2809 edat
945 2780 1058 2819 Eud).
1087 2782 1159 2810 edat
1184 2783 1213 2810 2.
1241 2782 1342 2811 tacita
1367 2782 1404 2810 A.
1432 2782 1562 2810 tacitam
1588 2781 1726 2817 R2‚1·vca
1753 2780 1832 2818 (dol.
1853 2781 1931 2820 tac.)
1951 2781 2048 2819 Verg.
2073 2781 2155 2810 taci-

320 2839 387 2864 tum
413 2836 458 2864 fh.
528 2836 581 2874 13)
607 2836 691 2865 Fortl
715 2836 742 2871 Q
770 2836 972 2875 (ablatiuff).
1011 2855 1051 2857 —
1090 2837 1168 2867 obs.
1194 2847 1253 2867 oin.
1279 2838 1475 2875 AR1271-vca.
1503 2838 1600 2866 durus
1626 2847 1712 2866 amm·
1737 2847 1836 2866 mvca.
1863 2838 1933 2866 rell.
1959 2838 2011 2866 du.
2036 2842 2153 2866 arator.

322 2891 446 2920 Nonius
466 2893 540 2929 360,
561 2893 589 2921 8.
643 2893 698 2931 15)
726 2893 894 2930 permistus
910 2893 945 2922 R.
961 2893 1178 2931 inpermixtus
1197 2895 1226 2922 2.
1252 2893 1284 2922 id
1307 2898 1357 2929 est,
1385 2893 1541 2923 immistus
1560 2894 1594 2922 U.
1648 2894 1703 2933 145)
1733 2892 1876 2922 Cratidia
1893 2894 1928 2923 R.
1950 2892 2104 2923 Catidiam
2122 2894 2152 2923 2.

324 2948 379 2984 17)
407 2952 515 2977 notare
551 2949 579 2976 2.
651 2950 703 2988 18)
737 2948 861 2978 achillis
892 2949 931 2978 A.
983 2967 1023 2970 ἡ
1076 2950 1214 2979 malefica
1246 2960 1329 2979 omn.
1362 2951 1446 2979 libri.
1482 2949 1563 2979 conf.
1591 2949 1707 2987 Porph.
1741 2954 1772 2979 ut
1800 2949 1966 2988 venqficczm.
1997 2949 2155 2987 Maleficus

320 3003 455 3041 malefica
490 3008 517 3032 ct
550 3004 698 3043 nmlcjficla
730 3004 877 3043 (malqfica
909 3009 974 3034 arte
1008 3011 1037 3035 et
1069 3016 1166 3035 onmes
1191 3006 1402 3040 maleficiorum
1427 3006 1534 3035 herbas
1568 3007 1599 3035 iu
1626 3007 1758 3035 scholiis
1785 3006 1888 3044 seqq.)
1917 3016 1972 3043 pro
1997 3005 2151 3043 veneficus,

319 3060 451 3098 venefica
484 3064 513 3089 et
550 3061 691 3098 veneficia
716 3061 798 3099 (Cic.
827 3061 897 3091 Cat.
924 3062 963 3099 11,
991 3063 1020 3091 4.
1049 3062 1144 3092 Ouid.
1170 3062 1212 3092 H.
1239 3062 1291 3097 VI,
1324 3065 1371 3092 19.
1402 3064 1474 3092 150.
1501 3064 1557 3092 cic.
1592 3062 1685 3092 Brut.
1715 3064 1766 3093 60.
1800 3063 1960 3092 ueneficae
1987 3067 2072 3092 artes
2097 3063 2152 3091 ob-

321 3117 448 3155 positae
481 3126 538 3145 non
570 3117 693 3156 numicis
725 3119 808 3147 Plin.
842 3119 940 3155 XXX,
970 3120 1004 3158 2)
1036 3120 1211 3149 dicebatur.
1245 3118 1336 3149 Conf.
1372 3121 1404 3148 in
1434 3120 1642 3157 scriptionem
1678 3119 1755 3149 Cod.
1787 3120 1906 3149 Justin.
1933 3119 1996 3157 lx,
2027 3120 2076 3148 18.
2104 3118 2151 3154 Q:

319 3173 407 3212 quasi
429 3173 564 3211 malefica
590 3179 643 3202 aut
671 3175 851 3204 eiciendum
878 3180 933 3205 aut
962 3180 1047 3205 certe
1074 3177 1168 3206 scrib.
1196 3176 1336 3215 venefica.
1390 3176 1444 3214 19)
1471 3176 1626 3205 Adamau.
1656 3177 1803 3212 Iasonem,
1830 3186 1890 3205 om.
1917 3184 2151 3214 quem—per-

321 3234 460 3265 unctum,
490 3231 518 3258 2.
544 3229 750 3267 Ampliticaui
780 3232 912 3261 lemnia:
946 3232 1056 3261 mirata
1089 3237 1138 3262 est.
1173 3243 1204 3262 r:
1238 3232 1346 3262 Medea
1374 3233 1486 3262 mirata
1518 3237 1559 3261 est
1591 3232 1705 3263 ducem.
1743 3233 1859 3262 Μίνωα
1891 3236 1932 3262 est
1963 3232 2134 3261 adamauit.
