2170 3385
597 595 1303 665 COMMENTARII

253 722 343 774 IN
385 721 855 776 GARMINVM
900 720 1237 774 LIBRVM
1284 721 1645 775 PRIMVM.

556 916 985 971 CARMINVM
1036 917 1171 969 LIB.
1215 918 1258 983 1,
1300 920 1341 968 1.

847 1026 1038 1070 ACRON.

146 1117 280 1160 Varia
309 1117 524 1159 hominum
556 1117 701 1159 scribit
731 1117 869 1159 officia
902 1117 1045 1174 [atque
1076 1117 1226 1168 studia,
1258 1117 1533 1173 pragmatico,
1566 1118 1841 1176 monocolos].

146 1193 182 1232 1.
213 1192 427 1235 Maecenas
465 1193 597 1233 atam's
637 1192 735 1233 edite
775 1193 950 1246 reqibus.
1016 1190 1066 1231 In
1112 1191 1508 1233 commemoratione
1553 1198 1776 1246 parentum
1821 1199 1859 1233 ct

31 1265 215 1306 laudatio
252 1264 474 1315 invenitur,
512 1271 555 1305 ut
594 1266 703 1319 Verq.
736 1264 809 1319 (Α.
832 1263 892 1315 X,
926 1265 1047 1320 597):
1091 1266 1170 1306 Per
1200 1275 1245 1315 te,
1270 1280 1348 1321 per
1378 1270 1446 1321 qui
1476 1274 1510 1306 te
1541 1266 1659 1307 talem
1687 1281 1860 1321 qemcere

28 1348 224 1395 parentes,
266 1344 305 1380 et
345 1337 610 1392 uituperatio,
651 1344 693 1378 ut
727 1339 860 1392 (Verq.
897 1336 946 1378 B.
970 1337 1093 1388 VIII,
1126 1339 1221 1393 44):
1255 1341 1335 1380 Aut
1365 1326 1546 1380 Tmaros
1579 1347 1649 1380 auc
1670 1339 1860 1396 Rhodope

33 1420 103 1454 aut
132 1413 303 1454 extremi
335 1412 616 1454 Garamante&

143 1538 303 1576 ACRON,
333 1548 444 1577 graeca
469 1538 580 1576 forma,
615 1539 647 1568 in
673 1542 753 1569 uett.
778 1539 880 1576 codd.‚
913 1542 949 1569 ut
980 1539 1020 1568 ad
1052 1539 1178 1568 exitum
1211 1539 1297 1568 uitae
1330 1539 1488 1585 secundae
1520 1543 1552 1570 et
1584 1540 1616 1569 in
1648 1539 1786 1570 Scholiis
1819 1540 1860 1568 ad

31 1594 136 1626 Carni.
161 1596 216 1633 IV,
244 1597 273 1632 9,
300 1596 340 1625 33
366 1599 552 1626 constanter
580 1596 742 1632 scribitur,
775 1594 892 1625 ACRO
918 1596 950 1625 in
976 1595 1026 1625 ed.
1051 1595 1204 1625 Romana.
1252 1595 1363 1633 Neque
1390 1605 1505 1625 nomen
1542 1596 1678 1626 Acronis
1710 1597 1859 1626 additum

30 1653 290 1691 inscriptionibus
316 1653 454 1690 singulis
480 1661 613 1690 usquam
638 1651 756 1681 offendi
786 1652 817 1681 in
842 1652 1070 1682 vetustioribus
1102 1651 1192 1681 libris
1223 1660 1298 1681 mss.
1333 1652 1385 1690 qui
1417 1653 1579 1682 saeculum
1604 1652 1663 1682 XV
1694 1657 1859 1690 superant,

30 1718 132 1747 neque
163 1709 196 1738 in
220 1709 286 1738 ullo
318 1709 385 1738 sive
417 1709 597 1738 remotioris
628 1709 694 1738 sive
725 1709 908 1739 recentioris
939 1710 1055 1738 aetatis
1085 1709 1166 1738 libro
1197 1710 1494 1738 commentariorum
1527 1709 1578 1747 qui
1610 1709 1729 1740 Acroni
1760 1710 1858 1749 vulgo

30 1766 257 1803 assignantur,
291 1765 356 1794 eius
387 1774 599 1802 praenomen,
631 1766 712 1802 quod
744 1765 798 1794 alii
829 1765 981 1794 Helenum
1011 1765 1066 1794 alli
1092 1765 1255 1794 Helem'um
1285 1774 1354 1795 esse
1379 1766 1503 1803 opinati
1552 1770 1638 1796 sunt.
1686 1767 1857 1804 Inscriptio

30 1822 130 1851 totius
162 1821 329 1851 commenti
361 1825 411 1851 est
442 1822 474 1851 in
507 1821 554 1851 A:
591 1820 751 1851 INCIPIT
782 1820 1016 1851 EXPOSITIO
1042 1821 1088 1850 IN
1119 1821 1358 1851 HORATIVM.
1409 1821 1541 1852 Codices
1574 1832 1656 1852 saec
1688 1822 1746 1852 XV
1776 1824 1858 1853 alias

31 1881 84 1907 aut
116 1878 276 1915 longiores
309 1877 429 1907 habent
460 1877 697 1915 inscriptiones,
732 1880 764 1906 ut
788 1877 861 1908 Vat.
893 1878 997 1906 4611:
1030 1876 1222 1907 ACRONIS
1256 1876 1537 1908 GRAMMATICI
1570 1878 1856 1909 EXPLANATIO

0 1959 1 1969 ,
30 1933 77 1963 IN
93 1933 248 1963 LIBROS
267 1932 500 1963 CARMINVM
526 1933 563 1969 Q.
582 1933 764 1964 HORATII
782 1932 956 1970 INCIPIT,
982 1934 1053 1963 Par.
1072 1934 1115 1964 R:
1141 1933 1332 1965 ACRONIS
1351 1933 1631 1964 GRAMMATICI
1649 1934 1856 1965 COMMEN-

31 1989 186 2019 TARIUS
204 1990 251 2020 IN
266 1990 421 2020 LIBROS
440 1989 675 2020 CARMIN'UM
695 1989 850 2026 ORATII,
877 1993 932 2018 aut
957 1990 1131 2028 breuiores,
1156 1994 1192 2020 ut
1210 1991 1280 2020 Vat.
1312 1991 1415 2021 1516:
1441 1990 1629 2022 ACRONIS
1642 1991 1689 2021 IN
1707 1991 1856 2022 ORATII

0 2033 1 2091 ξ
34 2045 131 2075 01)Ιὸ
156 2046 288 2076 LIBER
311 2045 486 2083 INCIPIT,
516 2047 587 2075 Par.
616 2046 720 2075 7985:
750 2044 864 2074 LIBRI
890 2045 1009 2075 PRIMI
1037 2045 1272 2076 CARMINUM
1290 2046 1548 2077 COMENTVM
1572 2048 1762 2078 ACRONIS
1780 2048 1855 2077 EX-

31 2101 180 2132 PLICIT.
205 2101 369 2132 INCIPIT
394 2102 597 2140 SECVNDI,
622 2102 694 2131 Par.
724 2103 826 2131 7986:
857 2100 1018 2131 INCIPIT
1044 2101 1338 2133 COMMENTVM
1362 2103 1544 2134 HORATII
1563 2104 1686 2139 QUOD
1704 2103 1857 2135 ACRON

31 2156 290 2188 COMPOSUIT.
338 2159 421 2188 Edd.
445 2159 529 2188 Med.
550 2163 582 2188 et
611 2159 752 2187 Veneta:
786 2156 925 2188 Aci-onis
954 2158 1225 2190 Connnentatoris
1251 2159 1382 2197 Egregii
1408 2160 1440 2189 in
1459 2159 1572 2195 Quinti
1597 2161 1721 2191 Horatii
1747 2162 1855 2191 Flacci

0 2214 1 2219 ’
29 2213 182 2244 Venusini
207 2224 302 2253 opera
327 2215 453 2253 (operae
476 2215 571 2254 Ven.)
602 2215 760 2252 expositio
785 2215 954 2253 (exporitio
978 2215 1073 2255 Ven.)
1099 2216 1227 2254 Incipit.

144 2269 177 2311 1)
202 2271 402 2309 Argumento
434 2272 505 2301 add.
531 2272 624 2301 Fabr.
656 2275 688 2301 et
718 2271 893 2309 Hoeniger.
924 2272 1020 2302 verba
1051 2277 1137 2311 atque
1166 2272 1278 2302 studia.
1332 2273 1404 2302 Vox
1428 2273 1528 2303 studia
1553 2283 1594 2303 ex
1625 2272 1740 2311 Porph.
1762 2284 1855 2313 argu-

0 2335 1 2339 *
30 2328 131 2357 menti
155 2327 261 2357 verbis
292 2327 352 2357 alio
382 2328 477 2357 stadio
511 2328 610 2357 inlata
641 2328 780 2357 videtur.
835 2327 921 2357 Hinc
953 2329 1029 2358 item
1060 2329 1153 2358 facile
1184 2330 1340 2368 originem
1372 2330 1468 2359 duxit
1498 2331 1659 2360 ablativus
1685 2330 1790 2369 officio
1822 2332 1854 2360 in

29 2383 143 2421 glossis
168 2384 364 2421 quorundam
388 2388 469 2414 vett.
497 2385 585 2414 codd.
610 2388 656 2414 ut.
682 2384 752 2413 Par.
770 2384 801 2413 H
819 2387 850 2414 et
868 2384 962 2416 Bern.
1010 2384 1050 2421 K,
1080 2385 1112 2414 in
1137 2395 1199 2423 quo
1225 2386 1341 2415 haecce
1358 2386 1506 2424 leguntur
1531 2387 1633 2424 primo
1650 2387 1779 2416 carmini
1797 2397 1853 2416 an-

29 2440 183 2477 teposita:
216 2438 331 2469 ‘Caium
354 2441 511 2470 Aemilium
534 2441 576 2470 ad
599 2441 815 2471 Maecenatem.
863 2440 957 2470 Vario
981 2442 1148 2471 hominum
1174 2443 1284 2472 scribit
1308 2441 1422 2472 officio'
1449 2447 1506 2472 ete.
1535 2441 1628 2472 Conf.
1653 2443 1743 2472 varia
1772 2443 1853 2483 insse-

0 2484 1 2520 i
27 2495 80 2525 nia
103 2505 133 2525 v.
161 2496 189 2525 3.
237 2496 290 2525 Ex
311 2497 370 2526 hac
394 2498 614 2535 inscriptione,
644 2507 708 2527 non
734 2507 775 2526 ex
800 2497 905 2527 verbis
929 2498 1013 2527 vitae
1037 2497 1068 2526 II
1085 2499 1237 2528 extremis
1254 2499 1386 2528 omnibus
1402 2499 1515 2535 melius,
1542 2509 1657 2529 nomen
1677 2498 1706 2528 C.
1723 2500 1851 2536 Aemilii,

29 2552 228 2590 suppositicii
253 2554 510 2583 commentatoris
539 2553 584 2591 (v.
604 2553 768 2592 Suringar.
794 2554 852 2590 III,
877 2563 906 2591 p.
934 2554 991 2593 86)
1016 2558 1121 2585 ortum
1146 2559 1205 2585 est.
1231 2555 1294 2585 Adi
1319 2556 1568 2594 disputationem
1593 2565 1694 2585 meam
1719 2557 1752 2586 in
1768 2557 1853 2587 Mus.

0 2608 1 2644 ξ
28 2606 127 2637 Rhen.
158 2608 240 2637 1846
266 2618 296 2646 p.
324 2609 398 2638 516.
425 2610 498 2639 529.
546 2610 649 2640 Verba
668 2610 859 2650 praymatice
882 2610 1045 2640 monocolos
1070 2622 1094 2641 s.
1113 2610 1317 2655 πραγματικὴ
1343 2608 1539 2653 μονόκωλος,
1565 2621 1645 2650 quae
1671 2613 1715 2642 sic
1733 2614 1853 2651 scripta

0 2652 1 2708 f
29 2663 121 2693 Fabr.
146 2665 277 2703 recepit,
304 2674 366 2695 non
392 2670 468 2695 sunt
491 2666 628 2696 Acronis
657 2668 712 2696 sed
738 2667 790 2696 hic
816 2671 848 2696 et
872 2667 950 2696 alias
976 2677 994 2696 a
1018 2669 1230 2706 grammatico
1255 2670 1392 2706 quodam
1416 2668 1559 2705 profecta
1582 2669 1733 2698 videntur
1757 2674 1852 2708 atque

0 2712 1 2777 ᾗ
30 2721 128 2750 serius
151 2730 170 2750 a
194 2721 334 2750 librariis
365 2723 563 2760 marginibus
597 2723 751 2753 librorum
774 2722 902 2753 Horatii
934 2724 1096 2762 adscripta
1127 2729 1158 2754 et
1190 2725 1424 2754 commentariis
1458 2725 1510 2762 qui
1540 2724 1674 2764 Acronis
1706 2725 1852 2755 feruntur

0 2787 1 2823 ξ
28 2775 157 2806 inserta.
204 2776 322 2807 Literis
347 2778 496 2808 Romanis
514 2779 659 2808 exhibita
683 2780 745 2809 ista
769 2783 884 2809 extant
908 2780 942 2809 in
966 2781 1054 2810 codd.
1082 2785 1178 2819 atque
1196 2781 1400 2817 editionibus,
1435 2790 1510 2810 caue
1536 2785 1642 2811 tamen
1666 2791 1705 2811 ne
1732 2781 1852 2811 Graeco

0 2827 1 2858 l
27 2833 124 2862 uerbo
155 2833 304 2863 seductus
328 2835 463 2871 priorem
480 2844 591 2865 uocem
608 2844 720 2865 nomen
745 2836 935 2865 adiectivum
958 2837 1092 2874 habeas3
1123 2837 1305 2866 adverbium
1324 2837 1405 2866 enim
1431 2841 1489 2873 est,
1517 2838 1550 2867 id
1575 2838 1659 2876 quod
1676 2838 1851 2868 luculenter

0 2884 1 2921 l
28 2891 117 2925 patet
141 2898 183 2918 ex
207 2890 366 2920 similibus
391 2891 496 2921 verbis
522 2892 689 2929 amatorie,
715 2892 937 2930 personaliter,
964 2894 1196 2923 exclamatorie
1221 2894 1261 2922 al.
1287 2893 1319 2922 id
1344 2902 1458 2931 genus.
1509 2894 1543 2933 3)
1570 2893 1728 2924 Laudatio
1752 2898 1794 2923 est
1813 2894 1848 2924 C.

0 2950 1 2989 l
27 2943 119 2982 Verg.
145 2948 176 2975 et
201 2947 312 2983 uergil.
337 2946 366 2975 A
392 2948 517 2985 saepius
542 2957 636 2986 quam
660 2948 741 2986 ung,
774 2949 879 2987 uirgil.
927 2949 988 2978 Per
1012 2953 1045 2979 te
1069 2950 1121 2988 qui
1143 2953 1175 2979 te
1201 2950 1298 2979 talem
1322 2950 1392 2987 Al,
1426 2959 1482 2988 per
1506 2950 1558 2989 qm*
1580 2955 1612 2980 te
1637 2952 1734 2981 talem
1759 2951 1848 2986 MQd,

0 2992 1 2997 ¹
27 3008 107 3036 rmv,
132 3009 187 3038 per
210 3005 242 3030 te
266 3001 318 3040 qui
338 3002 435 3033 talem
459 3003 526 3033 RN.
575 3004 637 3040 Qui
661 3005 736 3034 tcmn·
758 3005 856 3034 talem
881 3004 993 3034 Cacfh.
1041 3005 1076 3043 4)
1109 3005 1147 3034 Ut
1169 3015 1219 3035 om
1243 3005 1284 3035 A.
1309 3006 1376 3036 Aut
1406 3007 1534 3036 Tmarus
1557 3007 1597 3043 A,
1623 3010 1657 3036 ut
1681 3010 1737 3037 aut
1766 3011 1848 3036 tina-

28 3064 81 3084 rus
105 3056 135 3093 d,
160 3060 196 3087 ut
218 3057 390 3088 histiuarus
418 3061 444 3095 1,
470 3064 506 3090 ut
529 3061 699 3099 hysmarus
724 3061 765 3098 N,
791 3066 835 3097 ut,
860 3062 998 3091 Ismarus
1015 3061 1052 3097 R,
1079 3060 1250 3092 Cmvacfh.

0 3106 1 3156 i
162 3121 320 3149 nAUTnAL,
337 3123 404 3144 Aca.
421 3124 459 3144 m
477 3124 586 3145 ronru.
1513 3123 1525 3146 1
