2283 3535
732 174 781 205 IN
806 173 951 206 CARM.
976 175 1036 213 IV,
1069 179 1098 206 0.
1130 179 1178 207 10.
1210 180 1258 208 11.
1826 171 1905 210 417

198 297 235 337 1.
274 296 431 337 Veneris
460 297 705 337 muneribus.
764 295 1096 337 Pulchritudine.

195 370 232 409 2.
259 369 402 424 pluma
432 369 651 425 superbiae.
710 368 905 409 Plumam
936 383 1013 423 pro
1044 368 1176 410 barba
1207 370 1435 425 incipiente
1468 374 1617 427 posuit.

193 442 230 482 3.
262 442 315 482 Et
343 457 443 498 qaae
472 456 582 483 nune
612 456 692 482 um.
724 443 808 482 inu.
841 442 920 482 dec.
945 456 999 482 co.
1060 441 1208 496 Usque
1239 442 1292 483 ad
1323 443 1586 498 pubertatem
1618 447 1729 488 enim
1762 450 1905 504 pueris

81 528 224 555 comae
254 514 404 555 nutriri
437 520 752 564 consueuerant,
784 520 828 554 ut
858 512 932 568 (A.
954 513 1014 564 X,
1039 515 1158 569 137):
1197 517 1318 557 crinis
1339 519 1408 558 cai
1426 518 1550 558 lactea
1574 522 1716 561 eerm‘ae
1737 522 1904 577 Accipit.

191 589 228 628 4.
253 589 463 644 puniceae.
526 586 761 642 Sanguinci
793 586 956 637 coloris,
988 594 1029 628 ut
1053 587 1125 642 (A.
1148 587 1254 639 XII,
1279 590 1374 645 77):
1407 592 1593 633 Pane'cee‘s
1613 594 1768 635 'immota
1790 597 1900 636 rotis.

184 662 318 716 prior.
378 660 570 702 Priorem
602 675 679 715 pro
710 660 882 701 meliore
914 660 1031 701 dixit.

192 735 228 775 5.
260 734 470 789 hispidam.
532 733 623 774 Iam
654 733 856 775 hirsutam
888 733 1072 774 barbam.

191 807 226 846 6.
259 807 361 848 (lices
391 807 468 848 heu
499 808 671 863 quotiens
701 815 746 848 te.
820 805 1146 848 Inmutationcm
1177 807 1334 850 formae
1365 822 1441 863 per
1471 815 1650 851 aetatem
1688 818 1902 867 aspectam

76 878 237 921 dolebis
267 879 310 920 in
343 879 524 935 speculo.

812 1008 1172 1053 PORPHYRION.

192 1101 227 1142 Ο
258 1114 315 1142 cr.
346 1115 382 1141 a.
415 1115 444 1141 e.
489 1100 528 1141 V.
566 1115 616 1141 m.
648 1115 691 1156 p.
764 1098 887 1142 Haec
918 1099 996 1141 ode
1027 1100 1070 1140 in
1101 1100 1360 1156 Ligurinum
1391 1102 1548 1158 scripta
1588 1111 1650 1145 est
1687 1104 1900 1159 querelam

72 1173 228 1216 amoris
260 1172 489 1215 continens.

185 1248 220 1287 1.
253 1247 486 1288 muneribus
511 1256 665 1303 polens,
725 1246 775 1287 Id
806 1253 884 1288 est:
917 1261 1104 1297 munera,
1137 1261 1244 1302 quae
1275 1247 1319 1288 in
1349 1254 1389 1289 te
1420 1248 1566 1290 Venus
1597 1250 1782 1291 contulit.

183 1321 220 1361 2.
251 1321 354 1376 insp.
387 1328 411 1361 t.
443 1336 474 1362 c.
504 1322 636 1362 ueniet
658 1320 715 1375 pl.
747 1335 832 1375 sap.
897 1319 1093 1360 Plumam
1123 1335 1200 1375 pro
1232 1320 1370 1375 prima
1402 1321 1533 1363 barba
1563 1323 1714 1376 posuit.

183 1394 220 1433 4.
251 1407 359 1435 nunc
391 1401 426 1434 et
455 1409 487 1449 q.
520 1408 550 1434 e.
583 1409 612 1434 e.
635 1394 830 1448 puniceae
856 1393 896 1447 fl.
924 1394 1041 1448 prior
1070 1407 1103 1433 r.
1164 1395 1286 1435 Prior
1316 1407 1393 1448 pro
1424 1394 1585 1436 melior.

182 1467 217 1507 5.
249 1467 290 1507 in
319 1468 398 1521 fae.
431 1481 471 1507 u.
502 1466 708 1522 hispidam.
767 1464 818 1506 Id
849 1471 923 1515 est,
956 1465 1172 1508 hirsutam.

699 1617 1017 1673 CARMEN
1057 1620 1154 1687 iv,
1197 1624 1266 1673 11.

886 1728 1071 1773 ACRON.

179 1831 251 1872 Est
281 1832 381 1873 milei
406 1846 567 1874 nonam.
626 1830 698 1871 Ad
733 1829 974 1885 Phyllidem
1015 1831 1161 1872 scribit
1196 1832 1377 1874 amicam
1413 1848 1544 1883 suam,
1583 1833 1768 1877 inuitans
1804 1849 1897 1876 eam

65 1905 142 1946 sub
173 1904 451 1959 promissione
482 1904 569 1946 uini
601 1902 761 1944 Albani
791 1904 946 1945 ueteris
976 1904 1030 1944 ad
1060 1904 1263 1946 laetitiam
1299 1906 1485 1948 conuiuii
1506 1907 1733 1949 exhibendi
1764 1909 1894 1950 natali

64 1976 338 2018 Maecenatis.

177 2052 213 2091 2.
246 2051 397 2092 Albam·
426 2066 456 2092 e.
516 2049 713 2092 Elocutio
744 2057 805 2091 est
835 2051 993 2092 Albam·
1024 2052 1164 2101 cadus,
1211 2058 1255 2092 ut
1286 2050 1361 2106 (A.
1393 2051 1427 2103 I,
1462 2054 1581 2107 195):
1638 2054 1735 2096 Vina
1766 2055 1892 2097 bonus

64 2137 164 2180 quae
194 2124 334 2165 deinde
365 2124 474 2166 cadis
505 2133 700 2165 onerarat
729 2126 897 2166 Acestes.

176 2197 212 2237 3.
244 2206 342 2238 nect.
372 2213 406 2237 a.
439 2212 471 2238 e.
537 2196 618 2239 Vel
648 2197 747 2251 quia
778 2195 962 2239 Alcaeus
992 2197 1234 2253 frequenter
1264 2213 1307 2240 se
1339 2199 1441 2241 dicit
1463 2200 1561 2255 apio
1592 2201 1798 2252 coronari,
1830 2202 1898 2243 uel

64 2269 162 2323 quia
191 2270 351 2312 tardius
381 2271 628 2325 deponatur,
662 2270 732 2324 qui
764 2271 943 2325 prandet
973 2271 1070 2326 apio
1102 2278 1337 2323 coronatus,
1373 2279 1418 2314 ut
1449 2272 1518 2327 (Β.
1550 2272 1628 2324 VI,
1653 2275 1746 2330 68):
1781 2283 1897 2330 atque

62 2344 152 2398 apio
185 2345 319 2385 crines
351 2352 521 2385 ornatus
553 2358 707 2385 amaro.

175 2431 209 2469 3)
234 2431 303 2461 Hoc
328 2432 427 2461 schol.
454 2432 589 2461 leuitate
614 2440 671 2461 sua
695 2441 754 2461 om.
782 2431 820 2467 Q.
847 2432 965 2470 accipit
999 2431 1091 2462 Amv.
1126 2433 1248 2470 accepit
1280 2432 1337 2462 R2.
1370 2434 1494 2464 ceruix.
1526 2434 1631 2466 creuit.
1664 2436 1686 2465 i.
1718 2437 1840 2474 accepit
1871 2446 1896 2465 r.

60 2487 176 2524 exeipit
199 2486 308 2517 Ccafh.
373 2488 408 2527 6)
434 2498 491 2526 pro
515 2488 673 2518 meliorem
699 2489 727 2517 2.
746 2488 849 2526 prior.
876 2489 1040 2527 pulchrior
1067 2490 1095 2518 1.
1163 2490 1196 2529 7)
1222 2490 1297 2519 hirs.
1321 2490 1384 2520 iam
1417 2492 1548 2521 barbam
1571 2491 1660 2521 AR2.
1692 2493 1756 2522 iam
1781 2503 1842 2523 oni.
1869 2504 1895 2522 r.

60 2543 129 2573 Iam
152 2544 310 2574 hirsutam
333 2545 433 2574 barba
457 2544 556 2579 ath..
583 2546 646 2574 iam
678 2545 753 2574 hirs.
785 2544 910 2574 barbam
946 2547 1041 2583 1‚mv.
1106 2545 1142 2586 8)
1168 2547 1202 2576 in
1232 2548 1410 2578 mutatione
1446 2547 1486 2577 A.
1520 2548 1774 2579 immutationem
1806 2550 1894 2586 R‚2r.

68 2600 104 2638 9)
130 2599 248 2629 dolebit
271 2600 335 2630 A2.

172 2655 325 2686 PORPH.
353 2657 421 2687 Ode
447 2657 683 2687 LXXXXVIII.
733 2658 767 2687 Ia
792 2658 967 2696 ligurinum
992 2658 1027 2688 R.
1091 2660 1146 2698 12)
1172 2656 1240 2701 ωῧη
1266 2660 1310 2690 Μ.
1344 2661 1536 2699 quaerellam
1567 2662 1611 2691 M.
1675 2663 1729 2701 15)
1756 2663 1896 2701 plumam

60 2711 154 2742 MR2.
180 2712 251 2742 rell.
279 2713 398 2751 pluma.
450 2715 506 2754 17)
531 2713 643 2743 fatiem
667 2713 711 2742 M.

171 2767 329 2800 ACRON.
378 2770 428 2799 Ad
460 2771 628 2809 phillidam
659 2772 698 2800 de
730 2772 780 2801 die
812 2771 927 2801 natalis
959 2773 1007 2801 sui
1040 2772 1135 2802 simul
1168 2776 1198 2803 et
1228 2775 1400 2804 mecenatis
1427 2775 1481 2813 qui
1507 2778 1577 2804 erat
1601 2775 1709 2805 idibus
1735 2776 1892 2814 aprilibus

60 2825 177 2854 erotice
200 2827 373 2857 teti-aeolos
400 2827 440 2856 A.
500 2827 553 2857 Ad
584 2827 720 2866 phyllam
755 2828 794 2857 de
825 2829 877 2858 die
909 2829 1022 2859 natalis
1054 2831 1104 2859 sui
1136 2839 1159 2859 s.
1192 2834 1222 2860 et
1253 2840 1330 2861 mec.
1363 2842 1392 2870 q.
1425 2840 1450 2860 e.
1483 2832 1526 2860 id.
1560 2832 1719 2870 aprilibus
1751 2833 1791 2862 K.
1841 2834 1892 2863 Ad

53 2880 198 2920 phydilen
223 2882 437 2913 detetraeolos
461 2883 502 2912 H.
551 2883 600 2913 Ad
630 2884 792 2922 phillidem
808 2884 841 2914 C.
890 2885 943 2915 Ad
968 2886 1122 2923 philliden
1139 2886 1174 2915 P.
1224 2887 1276 2916 Ad
1301 2888 1451 2926 phillidea
1477 2889 1515 2917 de
1540 2889 1589 2917 die
1616 2888 1719 2919 natali
1740 2899 1891 2920 mecena-

59 2937 103 2966 tis
125 2936 221 2968 Rern.
247 2938 284 2968 B.
331 2939 382 2969 Ad
408 2940 577 2978 phillidam
603 2940 641 2969 de
667 2941 718 2970 die
742 2941 844 2971 natali
867 2951 946 2972 mec.
973 2951 996 2985 φ
1023 2942 1157 2981 (natalis
1182 2942 1237 2983 Β).
1286 2943 1335 2974 Ad
1361 2945 1533 2983 phillidam
1558 2946 1597 2975 de
1623 2946 1674 2976 (lie
1698 2947 1815 2976 natalis
1841 2948 1892 2977 sui

61 2996 93 3022 et
116 2995 292 3025 meeenatis
316 2997 348 3025 b.
399 2995 468 3026 Ode
493 2995 745 3027 LXXXXVIIII.
795 2998 847 3028 Ad
871 2999 1041 3037 phillidem
1068 2999 1104 3030 R.

173 3050 230 3087 22)
256 3051 383 3082 fillidem
406 3052 471 3081 AR.
499 3053 567 3082 rell.
593 3054 671 3091 phil.
698 3057 730 3084 et
754 3055 844 3094 phyl.
911 3056 968 3094 23)
996 3056 1114 3086 Albani
1140 3066 1200 3087 om.
1229 3056 1267 3092 Q.
1296 3058 1444 3088 Natalem
1471 3059 1555 3089 diem
1580 3061 1755 3090 mecenatis
1781 3070 1815 3090 se
1840 3071 1892 3090 ee-

60 3105 182 3136 lebrare
206 3107 287 3138 dicit
311 3110 455 3139 inuitans
479 3111 651 3148 phillidem
676 3111 717 3140 ad
742 3113 909 3149 prandium
932 3123 960 3155 γ.
1026 3113 1082 3152 25)
1101 3114 1189 3143 Eloc.
1217 3117 1266 3143 est
1291 3113 1436 3152 Ellz'ptz‘ca
1468 3114 1503 3145 C.
1569 3117 1626 3155 27)
1663 3118 1819 3153 coronari,
1853 3121 1891 3147 ut

60 3178 103 3183 —
128 3171 233 3192 amaro
259 3163 295 3199 Q.
344 3166 401 3205 28)
426 3167 477 3196 uel
502 3177 562 3197 om.
587 3167 632 3197 fh.
658 3168 781 3198 tardius
805 3168 969 3199 inebrietur
993 3170 1028 3200 R.
1055 3171 1136 3201 tard.
1162 3170 1346 3209 dampnatur
1369 3171 1409 3201 A.
1440 3190 1479 3194 --
1504 3176 1673 3203 coronatus
1699 3183 1759 3203 am.
1786 3173 1821 3202 R.

198 3228 356 3256 ΗΑυτΗΑι,
373 3230 440 3252 Aca.
457 3231 496 3252 ET
513 3232 625 3254 PORPH.

1928 970 1969 1001 10

1927 1335 1966 1366 15

1922 2068 1963 2099 25
