2283 3535
828 172 873 203 IN
892 172 1029 205 (ἈΒΜ.
1057 172 1121 209 iv,
1150 176 1199 204 11.
1835 164 1916 204 419

92 308 250 350 parem,
281 294 352 349 qui
374 301 413 335 et
433 294 559 336 aliam
590 300 712 343 amat,
751 300 790 334 et
821 294 952 349 dilige
983 307 1062 343 me,
1095 293 1166 348 qui
1198 293 1274 334 tibi
1307 309 1384 349 par
1415 309 1525 344 sum,
1564 296 1659 337 finis
1689 296 1801 337 enim
1833 297 1915 338 eris

91 367 174 409 mei
203 367 370 418 amoris,
402 367 513 422 quia,
546 367 581 408 si
612 366 884 416 consenseris,
917 367 1044 407 aliam
1076 381 1159 407 non
1189 366 1352 407 amabo.

203 441 267 481 34.
301 440 412 481 cond.
444 455 493 481 m.
569 439 712 489 Disce,
745 439 892 493 inquit,
925 439 1112 480 earmina
1143 445 1181 480 et
1212 439 1327 494 lyrae
1359 454 1495 489 sonos,
1528 455 1631 495 quos
1663 441 1781 483 suaui
1811 456 1915 483 uoce

91 519 244 562 cantes,
276 527 327 554 ne
359 512 515 554 rustica
545 511 741 553 uidem-is.

202 586 267 627 35.
299 586 364 627 36.
396 588 486 627 min.
519 602 555 627 (ι.
588 600 618 626 e.
652 601 683 626 e.
745 584 866 625 Tune
897 584 1008 625 6111111
1040 584 1232 640 uoluptas
1264 585 1509 635 admittitur,
1547 586 1580 627 si
1613 600 1711 627 cura
1733 587 1914 641 pellitur.
1964 599 1982 627 5

823 713 1181 758 PORPHYRION.

204 807 273 847 Est
304 820 352 847 m.
383 820 420 846 n.
453 822 483 846 s.
504 821 539 846 (ι.
601 802 835 860 Significat,
867 818 910 845 se
932 803 1043 844 diem
1064 804 1247 845 natalem
1263 803 1525 845 Maecenatis
1545 804 1653 845 uelle
1676 803 1910 853 celebrar03

87 878 269 934 loquitur
300 885 438 919 autem
469 878 523 919 ad
554 876 794 933 Phyllidem
827 876 1016 919 amicam.

199 952 234 994 5.
269 953 304 993 6.
365 966 443 1007 qua
475 967 531 993 cr.
564 967 597 993 r.
629 953 657 1006 f.
718 951 802 991 Pro
833 950 994 1006 fulgere
1025 950 1143 992 soles.
1204 949 1301 992 Non
1323 951 1434 992 enim
1457 950 1540 992 iam
1558 957 1799 993 coronatam
1822 965 1913 993 esse
1941 961 1980 992 10

86 1025 200 1075 dicit,
233 1024 306 1066 sed
336 1025 484 1066 inuitat
515 1039 620 1075 eam,
652 1030 694 1065 ut
727 1029 958 1065 coronetur.
996 1049 1035 1053 -

198 1099 308 1140 re'dee'.
369 1097 454 1139 Pro
485 1105 607 1153 grata
638 1105 700 1139 est
730 1112 779 1138 116
809 1097 955 1151 fulget.

199 1174 236 1212 9.
269 1186 300 1212 c.
331 1173 360 1225 sl
394 1186 442 1212 m.
503 1169 575 1210 Ad
606 1170 913 1212 multitudinem
945 1170 1232 1212 ministrorum
1264 1170 1452 1211 refertur.

201 1245 265 1284 11.
299 1260 328 1285 s.
357 1245 398 1301 fl.
431 1253 455 1284 t.
489 1259 521 1284 r.
554 1259 592 1285 u.
623 1245 652 1298 s.
712 1242 808 1284 Non
839 1243 1031 1293 otiosum,
1066 1243 1178 1299 [sed]
1213 1243 1390 1298 ἐνεργῶς
1421 1243 1578 1284 (116111111
1610 1249 1682 1284 651.

199 1318 376 1358 14-16,
409 1317 507 1358 Idus
539 1326 562 1358 t.
595 1334 624 1357 s.
656 1333 689 1357 a.
721 1332 754 1372 q.
788 1318 823 1357 d.
855 1332 904 1357 m.
946 1318 983 1358 V.
1020 1331 1069 1356 m.
1107 1318 1135 1370 sl
1174 1318 1270 1372 Apr.
1346 1315 1446 1357 Idus
1476 1315 1650 1370 Apriles
1691 1315 1913 1371 significat.
1942 1325 1981 1357 15

84 1389 249 1445 Aprilis
279 1397 418 1431 autem
448 1391 604 1431 mensis
638 1390 715 1429 ἀπὸ
748 1393 817 1444 τῆς
833 1389 1065 1444 Αφροδίτης
1096 1389 1231 1430 (1161115
1270 1388 1450 1436 uidetur,
1481 1402 1559 1429 nee
1580 1388 1788 1438 inmerito,
1821 1404 1915 1430 eum

84 1463 126 1503 in
157 1478 223 1505 res
253 1464 445 1504 uenerias
477 1478 525 1504 eo
556 1470 742 1517 tempore
774 1463 914 1503 omnia
945 1461 1144 1503 animalia
1175 1462 1419 1503 excitentur.
1496 1460 1721 1517 Significat
1758 1468 1910 1512 autem,

83 1536 229 1577 Idibus
259 1535 482 1591 Aprilibus
512 1536 692 1577 natalem
726 1535 836 1576 diem
868 1535 1130 1577 Maecenatis
1161 1549 1272 1585 esse,
1319 1535 1362 1575 in
1394 1534 1512 1576 cuius
1543 1535 1743 1576 honorem
1783 1535 1914 1577 sacri-

82 1609 177 1651 ficet
209 1616 249 1650 et
278 1610 480 1665 epuletur.

197 1684 261 1723 21.
298 1685 340 1725 Τ.
373 1697 405 1738 q.
440 1692 462 1724 l.
488 1698 529 1739 p.
563 1698 595 1724 o.
627 1697 666 1723 n.
699 1691 723 1723 t.
756 1698 785 1723 s.
816 1684 840 1723 τ’.
866 1698 908 1738 p.
984 1680 1056 1722 Ad
1093 1681 1312 1722 mulierem
1353 1681 1557 1736 loquitur,
1605 1681 1722 1723 cuius
1760 1695 1914 1723 nomen
1940 1692 1982 1724 20

84 1770 167 1797 non
197 1756 394 1805 ostendit3
428 1756 639 1812 significat
659 1761 810 1805 autem,
843 1754 976 1795 amari
1007 1754 1060 1795 ab
1082 1755 1161 1795 hac
1182 1754 1418 1809 Telephum
1450 1769 1640 1810 puerum,
1674 1769 1799 1810 quem
1830 1755 1914 1796 iam

84 1829 167 1870 alia
196 1836 492 1884 occupauerat.

195 1904 261 1944 22.
293 1917 373 1944 non
405 1911 493 1944 tuae
522 1904 650 1944 sortis.
710 1901 807 1943 Non
837 1908 932 1942 tuae
963 1900 1235 1950 condicionis,
1266 1915 1350 1942 non
1381 1907 1476 1942 tuae
1507 1902 1821 1944 mediocritatis.

196 1977 261 2017 23.
295 1978 359 2017 24.
393 1978 562 2033 timetque
591 1991 651 2032 qr.
685 1990 716 2017 0.
747 1991 786 2017 u.
846 1974 966 2016 Belle
997 1980 1118 2030 grata
1149 1974 1338 2029 conpede
1369 1975 1524 2016 amoris
1554 1975 1744 2017 uinctum
1775 1976 1845 2017 ait.

196 2050 260 2091 25.
294 2058 318 2090 t.
350 2065 385 2091 (ι.
418 2050 489 2090 ΡΙι.
521 2065 545 2090 α
575 2065 606 2091 s.
665 2048 835 2103 Nequid
865 2047 988 2088 auide
1020 2054 1059 2088 et
1090 2062 1217 2102 supra
1248 2047 1541 2089 condicionem
1562 2056 1748 2090 nostram
1780 2064 1912 2105 appe·
1939 2058 1980 2089 25

82 2128 167 2163 tere
198 2136 409 2172 conemur,
441 2122 715 2163 Phaethontis
747 2129 785 2163 et
814 2121 1154 2175 Bellerophontis
1184 2127 1476 2175 proponuntur
1507 2123 1712 2178 exempla.

196 2196 375 2237 29-31.
434 2209 586 2252 semper
614 2210 654 2237 u.
695 2204 719 2236 t.
759 2196 795 2236 d.
833 2211 863 2236 s.
903 2203 939 2235 et
976 2208 1016 2235 u.
1053 2209 1087 2249 q.
1127 2195 1153 2235 l.
1194 2210 1225 2235 s.
1261 2209 1300 2236 η.
1334 2196 1520 2251 putando
1562 2196 1759 2252 disparem
1797 2198 1914 2238 uites.

85 2267 301 2325 [Dicendo
333 2270 535 2325 disparem
565 2268 685 2325 uites]
709 2267 910 2309 Difficilis
941 2267 1069 2308 dictio
1100 2267 1280 2322 phrasis.
1340 2267 1488 2309 Monet
1519 2275 1678 2310 autem:
1713 2271 1914 2327 disparem

82 2343 192 2391 uites,
224 2348 267 2383 ut
297 2342 428 2398 possit
459 2356 502 2384 se
533 2342 664 2397 digna
694 2341 812 2396 sequi
843 2348 882 2382 et
912 2341 1029 2382 nefas
1064 2339 1219 2381 habere
1250 2340 1293 2381 in
1325 2355 1442 2396 spem
1473 2343 1629 2383 referre
1660 2342 1754 2398 plus
1785 2357 1912 2398 quam

87 2421 260 2469 oportet.
1939 2424 1981 2456 30

200 2541 232 2580 l)
257 2541 309 2580 qui
333 2546 363 2572 et
388 2541 575 2580 AR21,wa.
602 2541 676 2580 quz‘a
702 2545 732 2572 et
758 2540 854 2577 cth.
880 2541 972 2571 ardet
996 2550 1020 2570 r.
1048 2540 1116 2571 rell.
1143 2544 1239 2571 amat.
1272 2545 1304 2571 et
1338 2541 1393 2571 dil.
1425 2550 1475 2572 me
1506 2541 1548 2573 A.
1581 2544 1651 2573 rell.
1682 2543 1743 2573 secl.
1776 2543 1831 2572 sed
1862 2552 1913 2573 me

83 2598 139 2628 dil.
165 2597 255 2637 R2‚r.
305 2598 339 2637 7)
366 2598 455 2637 quasi
477 2599 518 2628 A.
545 2599 599 2637 qui
623 2599 649 2628 si
675 2607 843 2628 consensus
868 2597 926 2628 erit
947 2597 983 2628 R.

196 2653 350 2685 PORPH.
399 2654 650 2686 LXXXXVIIII.
675 2655 716 2685 ad.
740 2655 909 2693 hpillidem
937 2654 1015 2694 (sic)
1040 2654 1076 2683 R.
1131 2653 1167 2692 9)
1195 2654 1331 2685 fillidem
1361 2655 1405 2685 M.
1439 2656 1609 2696 phylliden
1644 2657 1673 2686 2.
1708 2656 1857 2696 phyllida
1887 2667 1912 2687 r.

82 2711 242 2751 phynidia
264 2722 295 2741 v.
347 2712 402 2751 10)
427 2722 483 2750 pro
496 2711 598 2741 MRA.
624 2712 694 2742 rell.
720 2722 780 2742 om.
833 2712 889 2750 11)
915 2711 960 2741 uti
983 2710 1122 2747 rvath.
1150 2714 1187 2741 ut
1211 2711 1274 2750 ipse
1289 2712 1327 2741 R.
1345 2712 1416 2742 rell.
1441 2717 1487 2742 ut.
1539 2713 1594 2752 14)
1624 2713 1680 2743 sed
1707 2723 1766 2742 om.
1784 2712 1911 2751 MR2G,

82 2776 149 2797 rva.
175 2767 295 2797 enerios
319 2768 356 2798 R.
384 2777 521 2807 energos
546 2768 676 2805 M‚2‚rv.
728 2768 783 2807 15)
808 2767 883 2797 Idus
908 2785 951 2788 —<
976 2769 1097 2797 mensis
1124 2777 1185 2798 om.
1203 2769 1247 2798 M.
1298 2769 1355 2808 16)
1382 2769 1456 2799 inm.
1474 2769 1540 2799 M2.
1592 2770 1648 2808 17)
1674 2769 1821 2799 uenerias
1838 2770 1911 2806 M,r.

84 2833 120 2854 eo
145 2828 243 2863 temp.
269 2823 454 2864 MA2G(Q)
479 2825 561 2854 omni
587 2829 685 2863 temp.
712 2825 749 2854 R.
777 2825 848 2854 edd.
875 2834 907 2854 eo
930 2824 1004 2863 ipso.
1071 2825 1126 2864 18)
1154 2825 1275 2863 Aprilis
1303 2825 1349 2855 fh.
1417 2826 1473 2865 23)
1500 2826 1690 2856 conditionis
1716 2826 1802 2855 libri.
1854 2826 1911 2865 24)

83 2870 257 2910 Bezce'RA.
282 2882 365 2911 uelle
389 2891 430 2912 m.
458 2891 483 2911 s.
511 2891 567 2920 pro
593 2882 675 2912 belle
699 2881 742 2911 M.
768 2882 839 2911 rell.
856 2881 988 2919 puellae.
1050 2881 1085 2919 8)
1112 2891 1201 2920 conp.
1225 2881 1268 2912 M.
1293 2883 1428 2912 uinctum
1452 2882 1495 2911 M.
1521 2883 1590 2912 rell.
1617 2883 1792 2913 uinculum.
1855 2883 1912 2921 25)

83 2937 178 2967 auide
204 2942 235 2968 et
258 2948 318 2970 om.
346 2939 373 2968 2.
399 2937 480 2968 conf.
504 2937 578 2967 Aer.
642 2937 699 2976 26)
727 2937 905 2968 faethontis
932 2942 964 2967 61
987 2937 1226 2968 belleroffontis
1259 2938 1301 2968 M.
1334 2939 1522 2977 phaetontis
1556 2943 1587 2969 61
1616 2939 1841 2970 bellerefontis
1872 2940 1910 2969 R.

83 2998 302 3032 proponuntur
325 2994 488 3035 M2G(Q).
515 2998 680 3033 ponuntur
703 2994 741 3024 R.
764 2996 990 3033 praeponimus
1016 3004 1040 3024 r.
1067 2996 1257 3034 proponitur
1279 3005 1309 3025 v.
1336 2995 1479 3034 proponit
1502 2995 1568 3026 assi.
1630 2997 1687 3036 27)
1713 2995 1817 3026 Locus
1843 2999 1911 3026 tur-

83 3051 189 3080 batus.
216 3051 260 3086 Q:
288 3053 418 3090 „priora
444 3053 559 3082 scholii
584 3053 682 3082 uerba
707 3056 743 3082 ut
768 3053 970 3082 emendarem
995 3062 1059 3082 non
1084 3052 1256 3090 eontigit.'’
1304 3053 1341 3082 In
1366 3052 1471 3082 lemm.
1498 3062 1553 3090 pro
1564 3053 1702 3091 putando
1720 3053 1797 3092 disp.
1824 3053 1911 3082 uites

85 3106 182 3136 habet
198 3107 248 3137 M:
274 3107 397 3138 dicendo
421 3109 503 3147 disp.
529 3110 626 3139 uites.
675 3109 760 3138 Hinc
783 3110 871 3147 vulg.
897 3109 993 3139 lectio
1019 3110 1098 3139 haec
1123 3113 1193 3138 orta
1210 3109 1348 3138 uidetur.
1385 3108 1512 3138 Deinde
1523 3109 1651 3147 phrasis
1668 3113 1715 3139 est
1734 3110 1910 3148 genitiuus,

85 3167 121 3193 ut
137 3163 227 3193 dictio
241 3165 408 3195 sententiae.
428 3165 576 3196 dictionis
592 3166 720 3204 phrasis
738 3165 784 3195 fh.
819 3166 876 3206 29)
893 3170 927 3196 ut
941 3167 1024 3205 disp.
1042 3167 1118 3196 uitet
1133 3175 1216 3196 omn.
1235 3166 1307 3196 edd.
1327 3166 1428 3205 digna
1443 3166 1530 3206 siyna
1548 3176 1614 3205 seq.
1633 3166 1679 3196 fh.
1696 3166 1812 3206 nephas
1821 3166 1909 3204 R‚rv.

1589 3232 1638 3256 27*
