2170 3460
168 197 248 237 24ss
799 206 906 239 ACR.
932 207 992 238 ET
1018 206 1183 238 PORPH.
1211 205 1358 238 COMM.

278 331 317 370 4.
352 331 452 384 zce'rq.
478 345 520 386 p.
553 345 583 371 c.
657 329 775 371 Dicit
806 344 850 371 se
883 343 1052 371 carmen
1082 329 1367 384 proditurum,
1414 330 1527 384 quod
1557 336 1722 372 teneras
1753 337 1909 372 aetates
1940 330 1994 371 ad

165 403 283 444 utilia
315 403 516 453 instituat,
546 402 697 457 quibus
731 402 894 459 [rebus]
927 402 981 443 ad
1013 402 1179 444 beatam
1209 403 1339 444 uitam
1370 403 1593 459 peruenire
1615 404 1790 459 possint.

280 477 316 518 5.
347 491 487 531 requm.
520 478 598 518 tim.
630 478 654 517 τ’.
680 491 724 532 p.
754 491 816 531 qr.
863 474 1030 530 Ζεῦγμα
1063 483 1122 517 est
1142 476 1220 532 [et]
1239 476 1320 527 hic,
1351 486 1395 518 ut
1426 479 1638 534 imperium
1668 484 1708 518 et
1729 477 1783 518 ad
1804 477 1994 532 superio-

166 564 255 591 rem
287 564 453 592 sensum
472 550 727 600 referamus,
761 549 859 604 quia
890 556 1020 591 totum
1052 549 1133 590 tale
1164 558 1244 591 est:
1281 551 1429 606 Reyzcttt
1463 553 1541 592 tim.
1562 551 1604 591 in
1618 565 1738 606 prop.
1768 566 1876 605 yrey.
1910 552 1993 591 im—

100 633 117 661 5
160 626 322 680 perium
343 632 410 671 est,
443 631 480 664 et
505 625 642 679 imper.
673 624 787 664 Jow's
809 625 848 664 in
870 637 950 678 req.
981 624 1096 679 ipsos.
1156 622 1354 665 Ostendit
1375 631 1526 673 autem,
1548 622 1759 664 neminem
1779 623 1995 664 hominum

103 998 141 1030 10

105 1367 140 1397 15

166 712 191 738 a
220 704 332 738 metu
362 696 507 738 mortis
538 697 758 737 inmunem
790 710 893 746 esse,
935 703 974 738 et
1004 711 1080 752 per
1114 696 1193 738 hoc
1223 696 1388 738 infimos
1418 704 1456 738 et
1488 697 1694 738 maximos
1715 696 1873 738 eisdem
1895 711 1995 738 con-

166 770 404 812 dicionibus
434 770 542 811 vitae
575 769 784 811 subiectos
814 784 917 811 esse.

279 846 316 885 9.
349 852 405 885 est
434 852 479 885 ut
508 845 598 885 uiro
630 859 669 885 u.
701 844 725 884 l.
756 844 842 885 ord.
877 844 963 885 arb.
996 844 1116 885 sulcis
1148 852 1183 885 et
1212 844 1376 899 reliqua.
1434 843 1519 884 Per
1548 842 1653 884 haec
1683 842 1876 891 ostendit,
1909 849 1995 885 stu-

167 917 236 958 dia
268 917 438 972 quidem
469 924 507 958 et
538 917 696 973 gradus
727 917 932 959 honorum
965 924 1002 958 et
1025 932 1162 959 mores
1194 917 1362 958 diuersa
1384 931 1473 958 esse
1494 916 1748 967 hominibus,
1781 916 1995 959 condicio-

167 1005 263 1032 nem
295 998 434 1032 tamen
465 990 731 1032 mortalitatis
761 1006 888 1032 unam
919 1004 1020 1032 esse.

281 1065 345 1106 10.
381 1066 444 1105 11.
477 1064 540 1106 hic
570 1080 606 1120 9.
639 1065 676 1107 α’.
706 1066 750 1106 in
782 1080 909 1120 camp.
972 1062 1259 1106 Candidatum
1274 1063 1597 1119 magistratuum
1613 1063 1891 1120 petendorum
1914 1063 1995 1121 [lo-

166 1137 280 1195 cum]
314 1137 536 1193 significat.

282 1212 345 1252 16.
387 1226 498 1253 omne
539 1226 669 1268 capaoe
706 1219 837 1253 mouet
878 1226 914 1253 u.
952 1226 990 1252 η.
1056 1210 1178 1253 Haeo
1219 1211 1449 1253 secundum
1479 1211 1721 1267 opinionem
1750 1210 1866 1253 illam
1897 1211 1991 1252 uul-

167 1299 313 1341 garem
362 1285 579 1335 dicuntur,
640 1299 720 1339 qua
769 1284 1033 1336 adfirmatur,
1094 1292 1203 1327 sorte
1253 1285 1400 1327 ductos
1449 1285 1503 1326 ad
1551 1292 1731 1327 mortem
1781 1284 1834 1326 ab
1881 1282 1996 1326 Orco

167 1358 288 1399 trahi.

281 1434 344 1473 17.
377 1433 584 1474 destrictus
616 1434 720 1474 ensis
744 1448 774 1474 c.
796 1448 825 1473 s.
852 1448 892 1488 p.
953 1432 1038 1473 Per
1058 1432 1307 1489 allegoriam
1329 1432 1552 1488 significat,
1584 1432 1796 1474 neminem
1816 1431 1997 1480 libenter

166 1520 289 1560 posse
320 1505 477 1555 uiuere,
510 1505 583 1559 qui
605 1512 773 1554 metuat,
806 1512 845 1546 et
876 1505 1055 1560 sumpsit
1084 1505 1129 1546 in
1159 1505 1397 1561 exemplum
1419 1505 1684 1557 Damoclem,
1716 1521 1842 1561 super
1872 1520 1996 1560 quem

166 1577 399 1633 Dionysius
432 1577 604 1620 Siciliae
641 1585 843 1634 tyrannus
875 1586 962 1620 seta
992 1578 1182 1635 gladium
1228 1580 1379 1635 (setam
1411 1595 1506 1621 cum
1543 1580 1732 1637 gladio?)
1779 1579 1997 1635 suspendit

167 1651 411 1707 antepositis
442 1651 576 1707 epulis
607 1667 733 1707 quam
764 1652 1036 1707 amplissimis
1067 1660 1105 1694 et
1127 1653 1315 1704 caeteris,
1349 1668 1455 1708 quae
1477 1653 1532 1695 ad
1552 1653 1811 1710 uoluptatem
1832 1653 1996 1695 animos

281 1848 314 1886 2)
342 1849 381 1877 ad
406 1848 501 1878 utilia
525 1848 620 1877 MR2.
648 1858 683 1877 ac
706 1847 810 1878 ultima
834 1859 859 1878 r.
887 1849 955 1877 rell.
982 1859 1041 1878 om.
1067 1865 1111 1870 -—
1136 1849 1229 1878 rebus
1255 1850 1371 1880 inculc.
1392 1849 1431 1887 Q,
1457 1850 1533 1888 quia
1557 1859 1616 1879 om.
1643 1850 1685 1879 ad
1706 1850 1793 1880 utilia
1816 1849 1936 1889 (Aen).
1954 1867 1995 1870 —

166 1908 292 1941 possent
319 1914 365 1933 rv.
392 1905 459 1934 rell.
486 1906 623 1942 possint.
675 1905 709 1943 5)
728 1904 781 1934 Sic
807 1906 1007 1934 emendatum
1035 1909 1082 1934 est
1108 1906 1168 1934 hoc
1187 1906 1285 1937 schol.
1312 1907 1352 1934 ab
1377 1906 1451 1935 aliis
1477 1907 1558 1935 male
1584 1907 1766 1936 tractatdm.
1787 1906 1831 1941 Q:
1857 1906 1996 1944 Zeugma

166 1967 230 1992 est:
270 1966 298 1991 et
320 1962 397 1991 enim
420 1966 462 1992 est
485 1962 640 2000 imperium
666 1966 696 1992 et
721 1962 762 1991 ad
789 1966 848 1992 etc.
876 1963 1013 1992 addens:
1041 1963 1234 2000 ‘poteramus
1257 1963 1370 1992 etiam:
1397 1972 1512 1992 necesse
1537 1967 1581 1992 est
1595 1962 1671 1992 euim
1693 1967 1726 1992 ut
1749 1962 1906 2001 imperium
1924 1962 1994 1991 etc.’

165 2022 277 2048 contra
301 2019 419 2056 Porph.
446 2029 564 2048 morem
582 2023 614 2048 et
632 2028 816 2048 sermonem.
843 2019 879 2048 fh
896 2030 902 2048 :
928 2014 1055 2061 Ζεῦγμα
1074 2024 1134 2055 est,
1161 2018 1250 2048 ethic
1266 2018 1486 2058 intelliyendum
1502 2018 1573 2057 imp.
1591 2023 1623 2048 ut
1637 2019 1678 2048 ad
1697 2023 1757 2048 etc.
1778 2029 1829 2048 rv:
1857 2029 1884 2048 z.
1905 2022 1953 2047 est
1971 2021 1997 2047 et

165 2077 217 2104 hic
243 2081 274 2105 ut
304 2077 380 2114 imp.
409 2080 439 2105 et
464 2077 516 2105 ad.
544 2086 578 2105 a:
607 2087 634 2108 z.
662 2086 687 2113 e,
715 2080 741 2105 et
764 2076 811 2105 Ιιῖσ
835 2075 904 2114 imp.
928 2080 961 2104 ut
984 2076 1034 2104 ad.
1053 2076 1097 2105 R:
1125 2076 1238 2105 Zeuma
1256 2080 1305 2105 est
1331 2080 1364 2105 ut
1383 2077 1478 2105 ethic
1504 2077 1578 2114 imp.
1597 2076 1690 2105 etad.
1709 2075 1760 2105 M:
1787 2076 1928 2112 Zeugma
1947 2078 1996 2104 est

166 2132 213 2162 hic
237 2137 270 2161 *ut
293 2133 473 2170 imperium.
516 2136 612 2170 atque
645 2134 761 2163 iterum
795 2133 957 2170 sequentis
995 2133 1165 2170 principio.
1206 2133 1256 2161 bis
1284 2142 1359 2171 ergo
1378 2142 1438 2171 per
1463 2133 1516 2162 hoc
1548 2133 1580 2162 in
1605 2142 1668 2163 uno
1693 2132 1825 2162 scholio.
1873 2131 1917 2160 Et
1943 2130 1994 2160 ad.

167 2188 340 2219 Difficilior
364 2190 465 2219 altera
490 2199 581 2227 pars:
610 2194 641 2218 et
661 2198 720 2227 per
744 2189 798 2218 hoc
822 2189 948 2218 ostendit
971 2189 1058 2227 uulg.
1084 2189 1180 2219 lectio
1198 2189 1298 2224 ath.
1335 2194 1363 2218 et
1378 2189 1571 2228 philosophos
1589 2189 1718 2219 ost..Mr
1742 2187 1995 2229 (philosophus).

163 2256 223 2284 per
247 2246 301 2277 hoc
327 2256 388 2276 om.
414 2246 473 2275 RQ.
508 2246 588 2284 phos
613 2250 662 2275 est
688 2247 854 2284 compend.
882 2256 936 2284 pro
956 2246 1158 2284 philosophos.
1201 2246 1407 2284 Legendum:
1450 2249 1476 2275 et
1500 2246 1603 2285 imper.
1628 2246 1659 2275 z'n
1684 2245 1763 2284 ipsos
1789 2250 1844 2275 aut
1869 2244 1995 2282 plenius

169 2303 258 2340 (nam
289 2307 378 2332 totum
409 2302 467 2332 tale
499 2307 541 2331 esc
571 2303 694 2341 ‹lixit)1
736 2307 762 2331 et
784 2302 941 2340 imperium
965 2303 1045 2332 Iouis
1069 2303 1100 2332 in
1124 2313 1209 2343 reyes
1234 2303 1320 2341 ipsos.
1376 2303 1447 2333 Ost.
1473 2308 1570 2333 autem
1593 2302 1714 2340 MR2,r.
1740 2303 1809 2332 rell.
1837 2312 1896 2331 oin.
1958 2300 1993 2339 6)

168 2359 294 2388 immun.
320 2359 368 2397 M,
407 2360 462 2389 scd
488 2360 631 2389 nonnulli
657 2363 737 2388 uctt.
765 2359 855 2388 codd.
880 2359 957 2388 lIor.
983 2359 1022 2388 ad
1048 2359 1112 2397 III⁷
1141 2360 1192 2389 27.
1223 2362 1271 2389 17.
1313 2360 1366 2389 IV.
1397 2361 1444 2388 12.
1474 2361 1514 2389 23
1543 2364 1573 2390 et
1598 2360 1635 2389 E.
1662 2360 1686 2397 Ι,
1716 2360 1766 2396 14,
1794 2359 1834 2388 33
1862 2359 1994 2390 inmun..

168 2416 274 2444 nullus
300 2416 334 2444 in
359 2425 456 2445 moen.
490 2416 626 2445 Ilitschl.
652 2416 748 2445 Proll.
774 2415 880 2444 Plaut.
913 2416 1000 2445 Trin.
1027 2416 1138 2446 XCVI.
1174 2416 1252 2446 Cod.
1281 2418 1427 2455 palimps.
1455 2417 1563 2446 Ambr.
1599 2417 1639 2446 ad
1663 2426 1693 2446 u.
1721 2417 1763 2446 24
1794 2416 1993 2454 geminatam

166 2472 275 2509 habet,
302 2477 335 2501 ut
362 2476 549 2501 constanter
574 2472 668 2511 Verg.
695 2472 776 2501 libri.
803 2472 878 2501 conf
913 2472 1056 2509 Wagner.
1082 2474 1158 2502 410.
1221 2475 1255 2513 7)
1280 2474 1358 2504 uitae
1383 2474 1474 2504 AR2.
1515 2474 1614 2503 uitam
1650 2473 1694 2502 M.
1732 2473 1801 2502 rell.
1838 2482 1897 2502 om.
1959 2472 1995 2510 8)

168 2533 197 2557 et
224 2529 348 2567 reliqua
373 2529 416 2558 M.
459 2534 489 2558 et
515 2532 640 2558 caetera
664 2539 694 2558 v.
737 2533 795 2558 etc.
822 2539 866 2558 ra.
907 2529 974 2557 rell.
1001 2539 1061 2561 om.
1113 2547 1152 2550 —
1200 2530 1275 2559 haec
1306 2530 1431 2560 MAR‘z.
1465 2531 1533 2559 rell.
1557 2531 1635 2560 hoc.
1701 2527 1735 2568 9)
1760 2529 1831 2559 lton.
1867 2527 1992 2560 MAR2.

167 2586 235 2614 rell.
263 2585 421 2615 bonerum.
485 2586 541 2624 10)
568 2586 738 2614 condition.
765 2586 883 2623 ubique
908 2586 992 2614 libri.
1054 2586 1106 2623 ll)
1144 2587 1248 2616 locum
1274 2597 1333 2617 om.
1360 2587 1431 2616 MR.
1467 2587 1588 2625 petitor,
1616 2595 1677 2615 non
1703 2595 1825 2624 campus
1850 2585 1995 2623 expliea-

167 2646 228 2671 tur.
282 2641 338 2681 12)
374 2641 570 2672 Candiclatum
594 2642 689 2671 MR2.
726 2642 885 2671 canidiam
910 2653 933 2671 r.
976 2643 1044 2671 rclI.
1070 2653 1215 2681 campum.
1253 2645 1500 2681 magistratuum
1526 2642 1640 2678 rath.
1667 2643 1737 2672 rell.
1763 2643 1994 2680 magistratum.

171 2699 226 2735 13)
254 2698 321 2728 Hoc
341 2716 379 2720 —
397 2699 513 2729 dicitur
537 2699 573 2728 R.
623 2715 660 2722 —-
712 2700 798 2737 opin.
825 2700 870 2728 ill.
896 2699 983 2737 ualg.
1009 2699 1101 2729 Miz-2.
1139 2701 1207 2729 rell.
1236 2701 1282 2729 ill.
1309 2710 1358 2738 op.
1385 2701 1472 2738 uulg.
1515 2699 1559 2735 Q:
1587 2700 1633 2728 ill.
1660 2709 1712 2728 uu.
1737 2708 1786 2736 op.
1838 2697 1893 2736 14)
1921 2697 1995 2736 quin

167 2754 231 2783 aclf.
258 2755 338 2784 forte
363 2755 406 2784 M.
432 2757 501 2785 rell.
528 2766 590 2794 qua
614 2755 666 2785 aff.
694 2760 790 2785 sorte.
840 2773 879 2776 ——
930 2756 1024 2786 orcho
1050 2765 1077 2786 a.
1105 2756 1194 2786 thrai
1216 2767 1245 2786 v.
1272 2757 1409 2795 Antiqui
1435 2756 1689 2794 adspirationem
1715 2755 1857 2784 euitasse
1882 2754 1995 2783 uiden-

167 2814 217 2838 tur
244 2812 458 2849 subsequente
485 2813 493 2841 i
519 2813 644 2849 uocali,
677 2817 712 2842 ut
738 2811 851 2841 Παίων
875 2817 939 2841 uet.
966 2812 1060 2842 Harl.
1088 2813 1122 2849 2,
1165 2813 1303 2842 trahitur
1330 2815 1361 2842 in
1387 2823 1459 2851 pap.
1485 2812 1611 2842 Hercul.
1638 2821 1687 2849 ap.
1714 2811 1810 2840 Fcam
1835 2821 1866 2849 p.
1891 2809 1994 2848 XXII,

167 2867 242 2895 trust
267 2873 328 2896 net.
354 2868 462 2897 Ambr.
488 2868 530 2904 ΙΙ,
547 2870 576 2905 G,
594 2869 633 2898 75
661 2872 691 2898 ct
716 2868 808 2898 Bai-c.
834 2868 891 2905 ΙΙΙ,
920 2870 959 2898 29
987 2870 1019 2898 in
1046 2869 1156 2906 schol„
1183 2869 1294 2899 deb-ait
1317 2870 1383 2899 cod.
1403 2870 1516 2907 Napol.
1536 2869 1574 2898 E.
1592 2868 1616 2906 Ι,
1638 2870 1689 2905 16,
1709 2868 1761 2896 34.
1813 2867 1868 2906 15)
1896 2868 1992 2896 destr.

167 2923 211 2952 M.
239 2924 306 2952 rell.
334 2924 424 2953 «iim.
477 2926 532 2963 17)
561 2927 614 2964 qui
641 2929 763 2955 metuat
776 2925 933 2962 MAR2,r.
959 2927 1012 2963 qui
1038 2930 1141 2955 mutat
1166 2936 1196 2955 V.
1229 2936 1295 2956 cum
1319 2930 1443 2956 metuat.
1466 2926 1529 2955 nol.
1546 2925 1584 2960 Q.
1611 2925 1680 2953 rcll.
1706 2924 1759 2953 sub
1784 2928 1869 2953 metu.
1911 2933 1994 2953 sum-

168 2980 209 3008 sit
237 2979 270 3008 M
296 2986 407 3009 contra
431 2991 559 3011 morem.
598 2999 639 3003 »ὴ
677 2983 850 3012 damoclem
873 2982 977 3011 MAR.
1011 2982 1173 3012 damoclen
1199 2983 1227 3011 2.
1270 2983 1427 3022 dz'ogyenem
1452 2991 1518 3011 rva.
1547 2981 1629 3011 conf.
1657 2980 1730 3009 Aer.
1767 2980 1932 3011 damotlem
1958 2981 1993 3012 R.

167 3035 320 3065 Dimoclz's
345 3036 390 3073 fh,
417 3046 477 3066 om.
504 3038 546 3067 in.
601 3037 654 3076 18)
683 3038 814 3067 Siciliae
839 3047 900 3067 om.
929 3039 958 3067 2.
1003 3055 1041 3059 --
1082 3038 1190 3076 gladio
1215 3038 1275 3067 MR
1309 3039 1418 3077 (sacr-a
1442 3038 1514 3077 gl.).
1555 3038 1592 3066 In
1617 3037 1651 3066 M
1676 3037 1863 3074 ambiguum
1888 3041 1994 3067 utrum

168 3092 277 3127 gladio
301 3102 340 3121 an
367 3093 475 3130 gladia
501 3095 656 3132 scriptum
683 3096 736 3124 sit.
779 3094 811 3123 Si
837 3095 954 3132 gladio,
981 3095 1162 3132 ponendum
1189 3100 1270 3124 esset
1300 3099 1399 3124 setam
1423 3105 1492 3124 cnm
1514 3095 1634 3132 gladio,
1662 3095 1689 3123 si
1715 3093 1841 3131 gladia,
1869 3102 1919 3123 res
1946 3103 1995 3123 re-

167 3153 323 3185 pugnaret
352 3151 533 3187 prouerbio,
560 3152 642 3188 quod
667 3161 764 3180 unum
790 3151 935 3189 gladium
961 3152 1120 3188 agnoscit.
1169 3150 1288 3181 Gladia
1315 3151 1454 3186 Quintil.
1483 3152 1508 3183 Ι,
1535 3152 1552 3181 5
1580 3154 1692 3180 contra
1718 3149 1820 3180 Lucil.
1847 3159 1898 3188 ap.
1911 3150 1993 3180 Non.

167 3204 222 3233 III.
253 3207 323 3235 106.
366 3205 457 3235 Varr.
491 3205 525 3235 L.
554 3206 587 3235 L.
614 3206 704 3244 vill,
732 3208 784 3237 49.
811 3207 846 3237 R.
873 3207 909 3237 R.
935 3207 958 3243 Ι,
988 3207 1040 3237 48.
1067 3207 1169 3245 aepul.
1196 3207 1247 3245 M,
1274 3212 1309 3237 ut
1334 3207 1398 3245 ΙΙΙ,
1426 3207 1477 3245 29,
1508 3208 1534 3236 1.
