2283 3535
821 225 870 256 IN
895 225 1028 257 Ei‘ol).
1055 226 1149 257 xvi.
1822 218 1903 258 519

193 347 259 388 38.
290 348 408 387 mom.
434 355 665 402 perpremat
697 348 781 388 cub.
847 347 1075 388 mammam,
1106 347 1310 401 numquid
1341 348 1401 389 sic
1432 349 1589 390 dictum
1621 357 1694 399 cst,
1726 356 1771 390 ut
1801 351 1902 392 abo-

82 420 235 460 minata
266 419 349 460 (lici
382 419 496 469 solet,
543 435 596 460 an
628 419 746 474 quasi
777 421 890 462 nullo
936 419 1112 474 (malo?)
1163 422 1288 461 omine
1327 436 1376 462 ae
1412 422 1527 463 nulla
1564 423 1769 477 religione
1807 437 1907 464 eon-

83 491 170 532 dita
200 499 240 532 ct
269 492 364 533 ideo
395 492 607 533 infelicia?

195 566 263 606 41.
294 580 366 606 nos
398 581 503 607 mun.
540 566 721 607 Oceanus
753 567 903 607 circum
931 580 1146 621 naq.(1rmt
1170 568 1288 607 beata.
1350 564 1470 608 Ordo
1501 574 1579 608 est:
1617 571 1799 609 Oceanus
1831 570 1907 610 cir-

83 652 171 679 cum
202 653 308 679 arua
341 639 471 679 beatus
510 654 652 692 ‘ml-qus.
728 640 975 681 Fortunatas
1016 648 1147 680 autem
1191 640 1355 681 Insulas
1400 639 1621 694 significat,
1670 649 1707 681 ct
1753 641 1908 682 bonum

83 710 266 750 ἐπίθετον
304 712 487 752 Oceanus
519 726 662 766 uagus.

193 785 260 824 44.
293 792 329 825 el
359 786 537 839 inpuluta
567 785 595 838 Γ.
628 799 753 840 usque
783 799 823 825 n.
891 784 1008 824 Bene
1039 799 1175 840 usque,
1229 785 1348 839 quasi
1380 799 1558 840 semper,
1605 793 1673 826 aut
1705 786 1910 840 numquid

81 871 158 911 pro
189 857 309 897 ualde
338 856 533 911 positum,
568 857 685 911 quasi
717 857 840 898 ualde
871 857 1049 906 frondet,
1082 872 1130 898 ac
1161 871 1236 911 per
1266 857 1345 898 hoe
1374 858 1523 899 fertilis
1555 860 1640 899 est?

195 931 261 971 45.
293 931 489 984 yermrna!
519 946 548 971 e.
571 945 607 971 n.
626 931 654 984 Γ.
679 939 818 971 termes
840 946 873 971 0.
938 932 1096 971 Termes
1119 930 1355 984 appellatur
1376 931 1546 986 proprie
1569 932 1700 973 caulis
1721 932 1907 973 olearum

81 1002 298 1050 arborum;
331 1017 549 1058 numquam
578 1004 752 1057 fallentis
781 1010 918 1044 autem
950 1017 1033 1044 non
1065 1010 1125 1044 est
1147 1009 1395 1057 perpetuum
1417 1004 1629 1058 epitheton
1651 1005 1780 1055 oleae,
1813 1005 1907 1046 sed:

80 1075 136 1117 ibi
162 1090 379 1131 numquam
411 1076 602 1130 fallentis.

197 1150 261 1189 46.
293 1164 443 1204 suamq.
468 1165 510 1205 J)-
531 1152 559 1203 s.
583 1165 616 1191 0.
640 1164 676 1189 α.
748 1149 1002 1205 Eleganter:
1050 1158 1085 1190 et
1115 1164 1230 1190 suam
1262 1156 1397 1195 ornan
1433 1164 1546 1190 suam
1577 1150 1688 1192 enim
1720 1151 1774 1192 ad
1805 1151 1909 1192 illud

83 1221 277 1276 pertinet,
309 1231 354 1262 ut
383 1237 466 1263 non
498 1222 643 1263 insitas
674 1221 846 1264 arbores
866 1222 934 1263 fici
956 1221 1028 1263 sed
1050 1228 1197 1276 sponte
1219 1227 1338 1263 natas
1359 1221 1675 1278 intellegamus3
1709 1224 1768 1265 sic
1799 1224 1911 1265 enim

81 1364 127 1383 rv.
154 1349 317 1397 zetpoNoN
345 1355 429 1384 Nika
456 1355 503 1384 ed.
529 1355 611 1385 Med.
639 1359 721 1385 teste
747 1355 783 1391 Q.
810 1351 960 1397 χειρόνων
985 1351 1055 1395 νίκη
1082 1362 1098 1382 a
1138 1351 1333 1396 (χειρώνιον
1360 1353 1410 1393 fh)
1447 1354 1492 1384 fh.
1519 1355 1560 1383 H.
1589 1355 1743 1394 Stephan.
1770 1366 1801 1393 p.
1832 1356 1912 1386 162:

83 1410 205 1440 ‘Lectio
230 1408 381 1453 χειρόνων]
406 1409 476 1454 νίκη
504 1412 580 1441 ferri
599 1421 661 1441 non
680 1415 786 1449 potest
813 1411 867 1439 sed
893 1410 1157 1439 substituendam
1182 1419 1262 1447 quae
1282 1410 1314 1438 in
1332 1410 1388 1439 illo
1406 1415 1533 1440 uetusto
1554 1413 1731 1450 exemplari
1750 1413 1914 1442 inuenitur

82 1464 225 1510 χερείονα
250 1468 330 1497 νικᾶ.
357 1476 437 1505 quae
462 1468 559 1497 uerba
584 1468 754 1497 Homerica
781 1476 848 1496 esse
874 1469 1001 1496 constat
1031 1466 1095 1496 isto
1126 1475 1167 1495 ex
1199 1466 1406 1496 hemistichio
1441 1472 1568 1506 sumpta
1601 1465 1667 1499 ἐπεὶ
1699 1466 1740 1499 τὰ
1770 1466 1915 1511 χερείονα

82 1523 163 1553 νικᾶ.
189 1532 225 1552 ac
249 1523 359 1552 malim
384 1527 469 1552 certe
495 1528 526 1553 et
552 1524 618 1552 illic
643 1524 778 1553 articulo
803 1524 946 1561 praefixo
974 1522 1127 1552 scribere:
1153 1519 1193 1552 τὰ
1210 1520 1354 1565 χερείονα
1379 1524 1471 1553 vari!
1654 1553 1656 1556 ,

199 1579 231 1617 1)
251 1583 433 1617 perpremat
450 1580 493 1609 M.
512 1580 544 1608 h.
565 1580 584 1609 l.
602 1580 709 1610 Halm.
730 1578 817 1619 (ΩΨ).
869 1580 903 1619 2)
930 1580 1058 1609 nomine
1071 1579 1098 1608 R
1114 1579 1147 1607 M
1173 1579 1205 1607 in
1231 1580 1337 1609 lemm.
1355 1579 1532 1618 Innomina,
1552 1582 1585 1610 in
1604 1581 1723 1611 scholio
1741 1582 1917 1612 inominata

82 1635 181 1665 habet
211 1639 294 1665 teste
319 1636 447 1665 Halmio
473 1634 562 1675 (Οἳ),
589 1640 700 1665 contra
724 1647 739 1666 1·
762 1636 857 1666 inom.
885 1637 918 1665 111
944 1636 1049 1665 lennn.
1076 1638 1172 1673 atque
1197 1635 1312 1665 innom.
1339 1637 1372 1665 in
1399 1637 1521 1667 scholio
1546 1635 1765 1679 inssssominata
1792 1639 1818 1667 E
1846 1648 1915 1668 cum

83 1701 203 1720 rasura.
230 1691 298 1734 Βφε
326 1692 503 1722 [nominata.
530 1694 582 1722 uel
610 1694 677 1721 sine
702 1694 786 1722 bono
811 1693 934 1722 homine
962 1692 1011 1730 (in
1031 1692 1140 1721 eodem
1166 1692 1236 1721 cod.
1254 1691 1310 1729 ΙΙΙ,
1334 1693 1383 1730 14,
1408 1695 1442 1721 11
1471 1703 1526 1731 pro
1551 1694 1698 1723 ominatis
1725 1698 1836 1723 extat:
1862 1704 1916 1724 no-

84 1748 218 1777 minatis
245 1757 402 1785 suprascr.
428 1749 484 1778 nel.
502 1749 564 1787 Ιιο.)
592 1750 645 1778 uel
670 1750 793 1787 polluta
819 1759 855 1778 ac
880 1759 935 1787 per
959 1749 1020 1777 hoe
1038 1748 1256 1777 abominanda
1273 1757 1291 1777 a
1306 1749 1407 1778 nobis.
1426 1759 1459 1790 γε
1485 1749 1657 1779 inominata.
1685 1751 1760 1779 mali
1787 1751 1914 1780 ominis.

84 1804 167 1834 conf.
193 1803 227 1833 C.
253 1804 427 1840 Quaeritur
451 1809 557 1834 utrum
581 1806 658 1835 malo
683 1806 786 1835 omine
812 1816 866 1844 pro
883 1805 964 1834 nullo
981 1805 1085 1835 omine
1104 1804 1305 1833 scribendum
1324 1806 1376 1835 sit.
1403 1806 1492 1835 nulla
1511 1816 1571 1835 om.
1591 1808 1620 1835 2.
1670 1807 1705 1845 4)
1732 1807 1793 1836 Pro
1818 1808 1915 1836 uerbo

83 1860 263 1890 Horatiano
290 1862 403 1890 circam
427 1866 535 1891 contra
560 1872 678 1891 morem
710 1866 792 1892 uett..
827 1863 1036 1899 interpretum
1071 1861 1098 1896 Q
1123 1861 1224 1890 tacite
1250 1862 1364 1891 incule.
1392 1863 1476 1891 circa
1505 1872 1586 1892 corr.
1614 1873 1643 1900 p.
1668 1863 1814 1892 XXXIV.
1842 1867 1916 1901 post

83 1917 198 1947 insulas
223 1919 358 1956 interpo.
385 1918 440 1947 fh:
467 1928 522 1956 per
547 1929 625 1948 arua
649 1920 753 1948 beata.
780 1920 848 1948 rell.
875 1929 934 1949 om.
960 1936 1002 1939 »ψ
1027 1919 1125 1947 Beata
1153 1927 1232 1946 arua
1268 1919 1348 1948 dicit
1386 1919 1509 1948 insulas
1547 1918 1729 1949 fortunatas
1767 1923 1798 1949 et
1835 1921 1915 1949 mire

86 1984 163 2004 arua
187 1976 344 2013 repetiuit
368 1976 498 2013 elegans
525 1977 675 2014 repetitio
713 1975 736 2005 C
774 1980 810 2005 ut
846 1985 933 2005 maro
971 1975 1024 2013 (A.
1050 1976 1075 2012 I,
1103 1976 1203 2014 553):
1240 1975 1267 2004 si
1290 1975 1380 2004 datur
1403 1975 1529 2011 italiam,
1564 1978 1594 2004 et
1621 1977 1735 2005 iterum
1763 1976 1808 2014 (u.
1835 1976 1915 2014 554)

84 2035 117 2060 ut
138 2031 253 2061 italiam
277 2031 329 2061 leti
351 2031 508 2070 latiumque
530 2037 664 2071 petamus
689 2033 727 2064 cf.
753 2032 788 2062 C.
850 2032 885 2071 5)
912 2032 1030 2062 fortun.
1057 2032 1144 2061 etiam
1169 2033 1198 2060 2.
1260 2032 1294 2070 ὃ)
1321 2032 1488 2070 epitheton
1514 2032 1647 2068 M2,afh.
1688 2034 1720 2061 in
1750 2032 1806 2061 RG
1832 2035 1915 2070 spat.

86 2097 165 2124 uae„
194 2089 226 2117 in
251 2089 309 2118 hoc
334 2098 418 2117 man.
447 2099 508 2117 rec.
535 2084 679 2119 ἐπίθετον
707 2090 847 2127 scripsit.
874 2098 1026 2119 επιτετον
1050 2099 1098 2117 rv.
1165 2088 1198 2126 7)
1226 2087 1311 2126 inpu.
1337 2088 1448 2117 Ambr.
1482 2088 1647 2130 TEsstpr.
1675 2088 1766 2126 impu.
1793 2087 1828 2117 M
1854 2092 1914 2117 etc.

86 2143 149 2186 γΟε
176 2148 207 2174 et
224 2146 311 2182 inpu.
331 2144 419 2183 (imp.
438 2144 478 2185 C)
503 2156 566 2175 non
585 2150 722 2184 purgata
739 2156 801 2176 non
821 2147 976 2184 praecisa.
997 2146 1153 2184 glossam
1180 2145 1250 2187 Βφε
1277 2154 1340 2173 non
1366 2144 1472 2175 incisa.
1500 2154 1600 2183 usqne.
1629 2149 1683 2174 aut
1711 2152 1836 2182 semper
1861 2148 1917 2174 aut

86 2202 181 2231 ualde
198 2211 223 2243 γ.
258 2203 278 2231 1.
297 2212 421 2240 semper
438 2203 498 2245 Βφ.
548 2203 582 2241 8)
597 2203 737 2241 frondet
762 2203 835 2232 MR.
862 2203 931 2232 rell.
948 2202 1052 2240 floret.
1067 2201 1222 2240 fivnclere
1246 2210 1309 2230 non
1329 2201 1429 2230 solum
1448 2202 1553 2237 poetis
1570 2202 1728 2231 usitatum
1746 2202 1801 2230 sed
1819 2203 1917 2231 etiam

88 2257 210 2288 Colum.
237 2258 295 2294 ΙΙΙ,
324 2261 359 2288 1;
385 2259 454 2287 ultis
478 2259 569 2288 multa
592 2259 721 2288 materia
734 2258 898 2298 frondens,
959 2258 994 2297 9)
1022 2263 1134 2288 termes
1160 2258 1192 2287 in
1218 2258 1323 2286 lemm.
1350 2257 1458 2286 termis
1483 2258 1515 2286 in
1541 2258 1663 2287 scholio
1681 2258 1920 2299 M·s,1·v.termz's

89 2314 117 2343 G
134 2315 194 2343 bis.
213 2318 332 2344 termae
356 2316 389 2344 in
416 2315 520 2344 lemm.
547 2315 655 2344 termis
680 2315 710 2344 in
739 2315 851 2351 schol„
877 2319 990 2344 termes
1013 2315 1065 2344 bis
1091 2315 1123 2343 in
1149 2313 1222 2342 Aer.
1247 2313 1292 2342 fh.
1319 2317 1342 2342 t.
1363 2313 1561 2352 (compend.)
1581 2314 1613 2342 in
1632 2314 1735 2344 lemni.
1755 2318 1868 2344 termes
1886 2315 1918 2343 in

89 2371 210 2401 scholio
236 2380 265 2400 a.
284 2375 398 2400 termes
423 2381 504 2400 omn.
523 2371 590 2401 fere
607 2372 699 2401 codd.
725 2371 863 2401 Horatii.
877 2371 930 2414 Βφ
947 2372 997 2400 bis
1017 2371 1120 2400 oliuae
1138 2369 1256 2399 arboris
1275 2370 1303 2398 2.
1356 2370 1410 2408 10)
1429 2379 1492 2399 11011
1518 2374 1567 2399 est
1585 2374 1692 2399 autem
1712 2371 1740 2398 2.
1756 2371 1812 2399 sed
1829 2369 1871 2399 ibi
1888 2371 1917 2399 2.

91 2431 121 2456 et
139 2428 185 2456 sic
202 2428 372 2465 legendum
391 2432 450 2457 est.
471 2428 540 2457 rell.
559 2428 626 2458 sibi.
642 2438 677 2470 γε
696 2432 810 2457 termes.
829 2428 929 2457 caulis
949 2428 1053 2456 oliuae
1073 2425 1183 2456 termis
1200 2426 1327 2455 dicitur.
1346 2427 1468 2463 glossa:
1494 2430 1598 2455 teo-mes
1616 2427 1717 2464 stipes
1736 2427 1852 2456 oliuae.
1873 2443 1914 2447 —

78 2483 219 2522 fallentis
244 2493 367 2522 semper
391 2484 507 2513 feracis
540 2483 599 2522 (z
625 2484 677 2522 C).
703 2484 772 2527 Βφι
810 2488 914 2513 termes
937 2484 1044 2513 oliuae.
1072 2482 1167 2512 Cauli
1191 2483 1243 2511 uel
1268 2482 1352 2521 tyrsi
1378 2482 1519 2511 olearum
1545 2487 1577 2512 et
1609 2483 1688 2512 facit
1712 2486 1826 2512 termes
1850 2486 1915 2512 ter-

90 2541 190 2570 mitis.
216 2540 299 2571 conf.
326 2540 361 2570 C.
414 2541 470 2580 12)
496 2541 588 2579 Eleg.
615 2545 642 2570 et
666 2550 757 2570 suam
782 2544 873 2571 ornat
897 2540 1038 2577 MR,rva.
1064 2540 1139 2568 inde
1165 2539 1219 2568 fh:
1247 2539 1340 2576 Eleg.
1368 2542 1399 2567 et
1422 2548 1508 2568 suam
1525 2543 1552 2568 et
1567 2543 1665 2568 ornat.
1683 2543 1769 2568 recte
1787 2539 1916 2577 quidem

90 2598 130 2626 ad
157 2607 287 2627 sensum
312 2601 343 2626 et
368 2598 408 2626 ad
434 2598 538 2635 ipsum
564 2598 717 2626 scholion.
742 2597 823 2627 conf.
849 2596 933 2626 infra
957 2607 988 2625 u.
1016 2597 1069 2626 43.
1095 2596 1188 2633 Eleg.
1217 2604 1304 2624 suam
1331 2599 1423 2624 ornat
1449 2595 1574 2634 2G(Q).
1614 2600 1639 2626 et
1674 2605 1759 2625 suam
1796 2596 1919 2633 accipio

91 2663 146 2691 pro
171 2663 310 2692 suamque
326 2653 394 2696 Βφε
421 2663 569 2691 suamque.
596 2654 616 2682 1.
644 2653 835 2683 naturalem.
863 2663 926 2683 non
952 2654 1116 2682 insertam.
1135 2662 1168 2694 γ;
1196 2652 1278 2680 Mire
1303 2652 1350 2680 ait
1366 2661 1451 2680 suam
1467 2656 1504 2681 ut
1521 2653 1603 2690 quod
1622 2653 1706 2690 apud
1724 2662 1782 2681 nos
1800 2661 1919 2689 magno

91 2711 200 2743 labore
225 2710 358 2739 insertio
383 2710 472 2739 facit.
500 2710 545 2738 ibi
571 2710 641 2747 ipsa
659 2713 782 2738 natura.
802 2713 968 2748 suggerat.
995 2709 1041 2738 Ut
1059 2710 1142 2747 uirg.
1161 2717 1231 2738 eum
1250 2708 1289 2737 de
1312 2707 1408 2737 insitis
1450 2725 1494 2739 z
1520 2708 1561 2747 C)
1586 2710 1772 2747 loqueretur
1798 2709 1843 2737 ait
1863 2707 1918 2746 (G.

92 2765 134 2803 ΙΙ,
161 2765 238 2803 82);
276 2765 465 2804 Miraturque
490 2775 583 2794 nouas
596 2764 731 2804 frondes
755 2770 781 2794 et
804 2774 862 2795 non
886 2775 941 2794 sua
960 2769 1098 2803 pomnen
1125 2766 1275 2802 quoniam
1302 2765 1352 2794 fici
1379 2765 1476 2794 durae
1507 2768 1537 2794 et
1562 2766 1670 2794 fatuae
1697 2767 1773 2794 sunt
1799 2767 1831 2793 et
1856 2765 1920 2793 cito

94 2822 247 2852 decidunt
277 2831 357 2859 quae
384 2825 498 2859 sponte
524 2825 555 2851 et
582 2822 650 2851 sine
676 2823 800 2851 cultura
824 2823 1028 2859 proueniunt.
1053 2821 1095 2850 ibi
1118 2821 1178 2859 (z
1202 2820 1243 2859 C)
1270 2821 1375 2858 inquit
1414 2822 1496 2850 tales
1532 2824 1708 2849 nascuntur
1744 2825 1780 2850 ut
1815 2825 1921 2850 ornent

95 2879 238 2907 arborem
263 2878 341 2907 licet
362 2877 466 2915 pullae
490 2878 555 2906 sint
580 2878 638 2907 hoc
662 2882 712 2907 est
737 2879 862 2915 nigrae.
887 2882 925 2907 ut.
949 2877 1065 2907 tullius:
1107 2887 1178 2906 cum
1203 2878 1315 2906 tunica
1340 2877 1428 2914 pulla
1454 2877 1564 2906 sedere
1591 2877 1716 2906 solebat
1742 2881 1773 2906 et
1807 2878 1917 2915 pallio.

95 2935 174 2966 conf.
201 2933 235 2964 C.
287 2935 341 2972 13)
368 2935 440 2963 Non
465 2934 624 2963 haesitaui
650 2944 766 2971 ponere
789 2934 895 2963 insitas
920 2933 1020 2972 (conf.
1047 2932 1119 2975 γΟ),
1146 2936 1274 2962 auctore
1301 2932 1425 2962 Colum.
1452 2933 1490 2961 de
1516 2933 1581 2962 arb.
1608 2932 1677 2970 XX,
1697 2933 1731 2962 2:
1758 2932 1851 2962 arbor
1873 2932 1920 2961 in-

95 2991 152 3019 sita
176 2991 369 3019 fructuosior
394 3000 486 3028 quam
511 3000 570 3019 non
593 2990 693 3019 insita.
719 2990 867 3027 Fructus,
893 2994 929 3019 ut
949 2999 1039 3028 ponza
1063 2990 1168 3028 Epod.
1194 2989 1237 3026 II,
1266 2990 1316 3026 19,
1342 2988 1455 3018 insiti'zcz'
1476 2992 1632 3018 uocantur
1662 2989 1745 3019 Plin.
1771 2989 1838 3024 XV,
1869 2990 1920 3025 15,

98 3055 160 3075 non
185 3047 305 3075 surculi
331 3047 381 3075 uel
407 3047 547 3081 arbores,
575 3056 655 3084 quae
681 3050 735 3075 aut
759 3047 872 3076 saliuae
897 3047 1111 3084 appellantur,
1137 3050 1172 3075 ut
1197 3055 1297 3074 morus
1321 3045 1405 3074 Plin.
1431 3044 1550 3081 XXIII,
1580 3047 1629 3081 13,
1663 3049 1718 3074 aut
1743 3045 1862 3082 insitae,
1886 3048 1920 3073 ut

92 3102 183 3140 pirus
207 3102 298 3132 Varr.
317 3103 352 3131 R.
371 3103 408 3131 R.
426 3103 452 3138 I,
472 3103 525 3139 40,
545 3103 574 3132 3.
593 3104 612 3131 4
640 3106 712 3138 etc„
750 3104 854 3131 rarius
878 3102 1017 3139 insertae,
1044 3107 1080 3131 ut
1106 3102 1229 3131 Colum.
1256 3102 1294 3130 de
1320 3102 1386 3131 arb.
1411 3101 1500 3137 VIII,
1532 3102 1560 3130 3.
1586 3101 1700 3137 XXVI,
1736 3103 1762 3130 1.
1789 3100 1921 3129 Insitiuz's

99 3159 132 3188 M
156 3158 255 3197 (teste
280 3159 308 3194 Q
332 3170 362 3197 p.
387 3158 537 3198 XXXIV)
561 3159 600 3196 R,
626 3159 710 3197 quod
733 3158 848 3189 Ritter.
874 3160 1057 3196 temptauit,
1087 3159 1226 3188 alienum
1251 3162 1358 3196 atque,
1389 3162 1425 3187 ut
1449 3154 1568 3190 sitieris
1594 3156 1643 3187 2G
1682 3156 1744 3195 (Q:
1772 3157 1855 3186 ιῙοῑῐ.
1881 3155 1921 3184 si-

99 3215 167 3244 tiuis
192 3216 395 3254 senpotur),
421 3225 486 3246 non
510 3216 648 3245 latinum
674 3218 732 3245 est.
757 3215 889 3245 Insertas
913 3214 1037 3245 arbores
1060 3215 1148 3252 uulg.
1166 3215 1263 3244 lectio
1281 3214 1445 3244 librorum.
1471 3213 1577 3243 satiuis
1594 3213 1628 3242 M
1646 3212 1786 3251 (Halm.)
1815 3212 1920 3243 ravfh.

1941 1015 1977 1044 lO
