2283 3535
769 185 815 216 IN
842 185 973 216 111011.
1000 184 1113 215 xvn.
1773 172 1851 213 527

147 308 212 349 54.
245 307 434 349 surdiora
465 307 602 349 nautis
633 306 805 362 (nam‘tis
837 306 976 360 Heln).
1037 305 1105 348 Ac
1126 306 1161 347 si
1183 306 1359 348 diceret:
1397 321 1522 361 quam
1546 305 1709 362 [quam]
1733 320 1854 347 aures

35 393 152 422 meae
183 380 236 421 ad
266 394 413 434 preces
442 387 546 421 tuas.

148 454 212 494 55.
245 453 466 508 Neplumcs.
499 467 529 493 s.
561 467 667 493 811111.
699 466 774 505 pro
807 452 912 492 mari
943 453 1092 506 posuit.
1125 453 1266 493 lundis.
1299 451 1369 492 illa
1402 453 1551 505 (saxa).

149 526 213 567 56.
247 525 430 580 glossae:
464 527 630 581 cotycia.
662 540 692 566 s.
725 524 941 565 sacrificia.
980 527 1130 567 riseris.
1173 524 1380 566 deriseris.
1424 524 1643 565 Scholion:
1693 529 1855 580 colycia.

35 598 50 653 Η
84 599 265 639 carmina
296 599 512 652 infernalia
541 598 566 638 i.
598 603 643 638 ut
673 597 761 638 sinc
792 597 877 638 ulla
908 597 1095 640 uindicta
1125 598 1335 653 magicam
1367 603 1498 637 artem
1533 603 1573 637 et
1603 598 1812 651 patefacta
1833 612 1858 637 a

36 685 103 712 me
132 672 358 725 inferorum
388 679 533 713 secreta
564 671 772 712 deriseris.
796 672 812 724 Η
851 671 999 712 Colicia
1031 671 1136 711 dixit
1165 679 1209 712 ut
1238 671 1410 712 honesto
1442 669 1647 712 uocabulo
1679 670 1857 724 turpitu-

37 743 177 784 dinem
209 759 326 785 suam
358 743 522 785 celaret.
557 743 629 785 Sic
661 744 860 785 iuvenalis
893 743 968 799 (II,
1002 744 1098 798 {›2):
1151 745 1375 799 Cecropiam
1411 744 1519 785 solit-i
1562 744 1675 799 bapte
1707 743 1860 784 lassare

38 826 215 872 coeyten.
266 816 406 858 Datur
436 817 624 872 intellegi
658 817 867 858 canidiam
898 816 1060 858 horatio
1092 817 1350 858 commisisse
1385 825 1535 858 secreta
1568 816 1861 871 sacrificiorum

38 904 117 944 que
138 889 208 931 ille
228 890 414 931 inridens
436 890 682 946 vulgauerit.
703 892 719 944 Η
743 889 893 945 (Aliud
916 889 1143 944 scholionz)
1168 888 1261 941 Quo
1279 890 1438 946 coticya
1456 889 1555 944 (sic)
1574 890 1771 944 cupidinis
1793 905 1860 930 sa-

39 977 155 1005 crum
185 970 244 1004 est
267 970 306 1003 et
325 978 404 1005 non
427 965 444 1017 Η
464 963 586 1004 datur
606 963 795 1018 intellegi
826 963 1035 1004 canidiam
1057 962 1218 1004 horatio
1251 962 1507 1004 commisisse
1539 971 1688 1004 secreta
1719 964 1859 1004 sacri—

35 1036 220 1092 ficiorum
250 1050 350 1091 quae
380 1036 450 1077 ille
486 1036 720 1091 uulgauerit
742 1036 933 1077 irridens.
958 1035 1052 1091 (Bis
1073 1050 1175 1091 ergo
1196 1036 1300 1076 haec
1321 1050 1387 1090 po.
1411 1043 1523 1087 sunt)
1549 1034 1703 1077 Coticia
1723 1042 1861 1076 autem

38 1123 160 1151 sacra
182 1110 378 1165 cupidinis
400 1124 489 1151 esse
511 1109 613 1150 dicit
634 1109 731 1164 quia
751 1109 852 1150 11388
872 1108 1078 1150 maleficia
1099 1109 1114 1164 Η
1135 1123 1240 1163 quac
1262 1123 1338 1163 per
1354 1108 1509 1150 inferos
1526 1110 1628 1150 fiunt
1645 1109 1658 1164 Η
1675 1109 1727 1149 ad
1745 1123 1860 1150 amo-

40 1196 128 1223 rem
144 1182 232 1223 uult
247 1183 469 1237 pertinere.
489 1184 798 1225 liberwnautem
815 1182 871 1223 ait
890 1183 1113 1238 cupidinem
1132 1182 1229 1237 quia
1247 1181 1452 1223 obnoxius
1470 1182 1574 1223 nulli
1596 1183 1659 1224 sit.
1692 1189 1753 1223 set
1773 1185 1862 1223 offis

40 1254 131 1310 ipse
161 1255 340 1297 deludat.
386 1256 513 1297 Unde
544 1272 659 1298 maro
704 1254 777 1311 (A.
808 1255 843 1305 I,
877 1255 998 1311 665):
1038 1255 1136 1296 Nate
1161 1257 1294 1313 patris
1325 1258 1474 1298 summi
1500 1257 1570 1313 qui
1598 1256 1675 1297 tela
1707 1255 1863 1311 tiphoea

43 1330 193 1371 temnis.

158 1428 190 1467 1)
217 1437 408 1466 quamquam
425 1437 452 1470 γ.
478 1438 568 1467 quam
592 1438 660 1458 aur.
688 1437 777 1458 meae
800 1432 869 1457 sunt
892 1429 932 1457 ad
957 1437 1003 1466 pr.
1031 1432 1053 1458 t.
1081 1427 1115 1458 C.
1142 1428 1263 1458 nauitis.
1292 1439 1317 1459 s.
1345 1430 1476 1460 uocibus
1503 1430 1565 1474 Βφ.
1591 1429 1679 1460 nudis
1703 1427 1824 1460 nauitc's.
1850 1436 1866 1459 θ

41 1484 211 1522 naufragio
244 1485 362 1523 ereptis
396 1483 434 1514 C.
498 1485 532 1523 3)
558 1485 626 1514 Non
650 1494 728 1514 sama
753 1494 806 1514 na.
832 1484 975 1514 sul-diora
999 1494 1071 1513 nau.
1097 1485 1193 1523 Nept.
1219 1485 1278 1514 albo
1301 1485 1359 1514 nib.
1388 1496 1412 1516 s.
1444 1497 1538 1525 quam
1564 1497 1622 1525 ego
1656 1488 1714 1517 tibi
1749 1496 1815 1517 ero:
1846 1488 1866 1516 i.

42 1541 192 1579 profundi
218 1541 378 1584 111311Βφ.
404 1542 439 1570 In
464 1541 549 1571 ultus.
574 1551 598 1570 s.
624 1542 780 1579 numquid
806 1542 912 1579 patiar
939 1551 996 1579 ego
1020 1541 1082 1584 Βφ.
1110 1541 1192 1571 conf.
1220 1552 1314 1581 supra
1340 1543 1388 1572 ed.
1414 1543 1501 1573 Rom.
1527 1553 1609 1582 quae
1634 1554 1694 1573 om.
1721 1553 1781 1583 eye.
1832 1545 1866 1582 3)

40 1598 136 1636 Vulg.
167 1599 263 1627 lectio
289 1598 412 1637 cocytia,
439 1607 531 1636 quam
557 1608 621 1628 non
646 1599 747 1628 solum
772 1602 852 1627 uett.
880 1598 951 1627 edd.
977 1598 1106 1628 Acronis
1130 1608 1187 1628 rva
1212 1603 1344 1629 tuentur
1369 1601 1424 1629 sed
1451 1601 1549 1630 etiam
1565 1601 1694 1638 plurimi
1712 1601 1790 1630 Hor.
1817 1611 1867 1630 co-

42 1655 140 1691 dices,
161 1658 202 1684 ⁴ut
218 1654 306 1684 Harl.
323 1655 440 1693 Regin.
458 1655 576 1685 Bernn.
595 1654 686 1684 KAC
704 1656 792 1684 Parr.
821 1655 933 1697 EBoH
956 1654 986 1691 (1
1011 1655 1110 1684 habet
1136 1655 1254 1693 codicia,
1280 1665 1343 1685 11011
1362 1657 1489 1695 cocytia,
1515 1661 1551 1686 ut
1566 1657 1726 1687 Vanderb.
1751 1656 1844 1687 referi
1861 1668 1867 1693 ς

42 1711 145 1741 18111115
163 1711 303 1741 Pottier:
331 1711 438 1741 eoticia
465 1713 579 1754 7:·(.
605 1713 723 1750 cocytia
749 1712 788 1740 al.
816 1721 933 1741 omnes.
960 1712 1080 1741 habent
1105 1716 1212 1741 autem
1237 1713 1293 1741 alii
1318 1708 1358 1741 11ῒῖ
1378 1713 1405 1742 R
1429 1715 1568 1753 cocycia,
1601 1715 1668 1752 alii,
1695 1718 1731 1743 ut
1750 1715 1791 1751 D,
1818 1723 1867 1743 co-

43 1768 154 1806 cithia,
174 1769 243 1805 alii,
264 1769 349 1798 inter
368 1778 446 1807 quos
467 1771 566 1798 etiam
590 1770 659 1799 cod.
685 1769 815 1799 Pithoei
840 1769 879 1798 ad
903 1769 988 1798 Med.
1017 1770 1112 1806 1474,
1140 1768 1295 1808 cochitya,
1321 1771 1362 1799 al.
1383 1771 1539 1808 θοὰ-111813,
1566 1771 1700 1810 corsitya
1725 1769 1801 1808 etc.)
1829 1787 1868 1790 —

46 1825 114 1854 sine
140 1825 236 1854 dubio
262 1834 298 1854 ea·
321 1825 543 1864 Porphyrionis
566 1825 676 1855 scholio
700 1829 773 1854 nata
797 1829 893 1864 atque
919 1826 951 1854 in
977 1828 1035 1855 tots
1051 1829 1179 1864 tamque
1204 1827 1303 1856 1101105
1333 1826 1432 1857 1111105
1458 1832 1661 1866 transgressa
1687 1832 1744 1857 est.
1772 1827 1870 1856 Recte

44 1883 183 1912 ommino
209 1883 358 1911 scribitur
382 1883 501 1921 cocyttc'a
526 1881 604 1921 (fh),
631 1883 715 1920 quod
740 1883 907 1920 pauciores
933 1886 1013 1910 uett.
1040 1883 1131 1912 codd.
1157 1887 1191 1912 ut
1217 1883 1326 1913 Ambr.
1353 1884 1470 1922 aliique
1495 1893 1574 1913 1808.
1601 1887 1742 1914 tuentur.
1783 1883 1871 1913 Haec

45 1949 137 1968 sacra
170 1939 268 1977 (quae
292 1949 358 1969 uox
388 1949 418 1968 11.
450 1941 490 1969 57
516 1949 573 1977 pro
598 1949 719 1968 sacram
745 1940 777 1968 111
804 1939 889 1968 haud
915 1947 1032 1976 paucos
1058 1940 1182 1969 codices
1209 1957 1247 1959 -—
1275 1939 1399 1971 Valart.
1430 1941 1469 1969 22
1495 1941 1585 1969 Parr.
1612 1958 1652 1961 ——
1672 1944 1708 1970 ut
1732 1940 1872 1982 BtpDPR

46 1994 168 2025 Genou.
194 1995 289 2025 Bern.
315 1996 355 2025 A.
381 1996 498 2034 Regin.
524 1996 669 2034 Magdal.
696 2000 755 2026 etc.
782 1995 930 2034 transiit)
957 2004 999 2024 ex
1024 1995 1159 2025 classico
1185 1996 1253 2025 1000
1279 1995 1385 2026 Sti-ab.
1410 1996 1449 2030 X,
1478 1998 1538 2026 731
1568 1997 1593 2025 Β
1633 1993 1803 2035 (Ro-„arro
1829 2014 1871 2016 —

47 2048 217 2091 Κοτύττια)
244 2056 322 2082 not-a
347 2056 434 2081 sunt.
462 2052 507 2081 Ut
531 2052 714 2088 Juuenalis,
741 2061 832 2090 quem
859 2052 1040 2081 Politianus
1067 2053 1159 2082 Misc.
1185 2053 1210 2090 Ι,
1241 2055 1278 2083 10
1306 2054 1442 2092 Eupolis
1468 2054 1662 2083 comoediam
1687 2054 1871 2091 respexisse

48 2109 197 2146 opinatus
223 2112 285 2145 est,
323 2109 356 2137 in
380 2109 420 2146 ΙΙ,
449 2110 487 2138 91
515 2118 602 2147 seqq.
641 2108 742 2137 ‘Talia
767 2111 890 2138 secreta
927 2109 1095 2138 coluerunt
1135 2109 1230 2148 Oryia
1265 2111 1359 2139 taeda
1397 2110 1584 2148 Cecropiam
1621 2111 1711 2140 soliti
1747 2110 1872 2148 Baptae

46 2165 168 2194 lassare
194 2163 323 2203 Cotytw',
350 2165 393 2194 sie
418 2165 574 2194 Horatius
600 2164 674 2194 talia
699 2165 776 2194 dicit
803 2165 904 2202 orgia,
932 2174 994 2194 non
1020 2166 1174 2195 solemnia
1199 2167 1256 2196 illa
1283 2177 1323 2196 ex
1350 2167 1487 2196 Thracia
1515 2165 1617 2206 (Cotys
1642 2176 1699 2196 rex
1717 2167 1872 2195 Thraciae

50 2220 143 2251 Caes.
168 2221 205 2249 Β.
231 2220 265 2250 C.
292 2221 348 2258 ΙΙΙ,
376 2223 405 2250 4.
433 2221 506 2250 Tac.
533 2221 571 2253 A.
598 2222 639 2259 ΙΙ,
667 2222 718 2250 64.
744 2222 826 2259 Nep.
853 2221 974 2259 Iphicr.
1002 2222 1031 2251 3.
1060 2221 1156 2251 Ouid.
1184 2223 1221 2252 P.
1249 2223 1290 2260 II,
1325 2225 1353 2261 9,
1389 2223 1423 2262 2)
1462 2223 1607 2253 Athenas
1644 2223 1804 2252 translata
1842 2226 1873 2251 et

49 2276 252 2314 Corinthum,
278 2281 313 2306 ut
339 2282 427 2315 patet
453 2288 492 2307 ex
518 2277 628 2315 Suida,
660 2288 678 2307 a
703 2287 763 2316 quo
790 2272 890 2312 Κοτῦς
907 2280 1041 2306 uocatur
1059 2274 1174 2320 ἔφορος
1190 2280 1253 2308 τὼν
1271 2276 1423 2322 αἰσχρῶν,
1449 2280 1530 2309 unde
1549 2279 1700 2317 Lessing.
1721 2278 1872 2308 Collectt.

47 2335 73 2372 Ι,
102 2335 160 2364 11;
187 2329 288 2369 Κοτὺς
312 2346 357 2362 z
383 2330 545 2366 Κοτυττώ.
610 2335 757 2373 11ή15)
786 2335 861 2364 uide
887 2334 974 2363 infra
998 2334 1231 2373 Porphyrionis
1257 2336 1410 2373 scholion,
1438 2337 1469 2366 in
1495 2345 1555 2374 quo
1580 2339 1665 2365 recte
1688 2339 1803 2365 secreta
1825 2345 1874 2363 sa-

49 2391 231 2430 cifficiwmm
248 2392 412 2429 dicuntur⁷
440 2402 520 2430 quae
537 2393 600 2422 tibi
622 2402 639 2434 γ
656 2393 744 2430 prius
771 2393 914 2421 scholion
934 2391 1087 2430 (carmina
1104 2391 1262 2431 deriseris)
1283 2393 1326 2421 sic
1344 2393 1378 2422 in
1396 2393 1488 2422 libris
1506 2392 1622 2430 Porph.
1637 2401 1714 2430 quos
1732 2396 1875 2422 tenemus

0 2458 2 2461 ·
50 2449 211 2487 posterius
250 2447 386 2487 (Cocytia
420 2448 602 2487 inferorum)
640 2449 882 2487 supposititium
920 2449 1037 2486 quippe
1063 2458 1081 2477 a
1104 2450 1315 2486 grammatico
1352 2449 1534 2479 remotioris
1572 2449 1690 2478 saeculi
1727 2449 1876 2477 adsutum

50 2505 206 2534 iudicanti
243 2505 349 2533 omnia
385 2514 464 2534 sana
498 2505 705 2534 uidebuntur.
744 2504 787 2534 C:
825 2504 938 2533 Inzzltns
974 2508 1003 2534 ut
1037 2509 1066 2534 tn
1098 2504 1204 2534 riseris
1231 2504 1343 2543 Cotytia
1374 2515 1492 2535 sacrum
1524 2504 1611 2534 liberi
1636 2503 1796 2543 Cupidinis.
1822 2512 1877 2542 per

53 2562 249 2599 epexegesim
275 2566 323 2590 est.
348 2562 425 2591 haec
451 2562 527 2590 data
563 2562 739 2599 descriptio
766 2560 984 2601 Cotytiorum:
1011 2562 1081 2590 vult
1107 2565 1213 2591 autem
1247 2560 1386 2591 Canidia
1419 2563 1604 2600 significare
1636 2560 1810 2600 aliquando
1845 2569 1877 2589 se

0 2638 2 2646 ,
52 2619 251 2648 commisisse
275 2618 411 2647 Horatio
437 2618 594 2655 quaedam
619 2622 732 2647 secreta
755 2618 976 2656 sacrificiormn
1000 2617 1040 2647 ad
1066 2627 1205 2648 amorem
1230 2618 1469 2656 concitandum,
1504 2628 1584 2657 quae
1620 2619 1688 2656 ipse
1714 2617 1877 2646 irridendo

0 2683 3 2703 1
52 2676 262 2713 vulgauerat:
302 2683 338 2703 ea
362 2679 456 2703 antem
481 2673 613 2713 Cotytia
638 2674 814 2710 nonn'nanit,
852 2678 887 2704 ut
912 2675 961 2703 ho.
988 2684 1039 2704 uo.
1067 2679 1150 2712 turp.
1177 2683 1222 2703 su.
1248 2675 1306 2703 881.
1333 2675 1378 2704 sic
1402 2675 1472 2704 Jaa.
1500 2674 1591 2705 Cecr.
1618 2674 1658 2704 fo.
1684 2674 1810 2712 Baptae
1835 2674 1877 2702 la.

0 2733 7 2775 l
56 2729 175 2770 Cotyto.
200 2729 305 2760 Liberi
331 2728 492 2768 Cupidinis.
518 2731 656 2760 liberum
681 2735 775 2760 antem
801 2730 993 2769 Cupidinem
1018 2732 1073 2768 ait,
1111 2732 1186 2769 quia
1222 2741 1276 2760 nu.
1306 2732 1348 2760 sit
1384 2732 1454 2761 obn.
1494 2732 1549 2760 sed
1587 2740 1696 2760 omnes
1731 2729 1794 2768 ipse
1829 2728 1878 2758 de-

0 2779 8 2838 }
54 2787 157 2817 ludat.
184 2787 268 2815 unde
293 2786 381 2815 Maro
406 2803 448 2806 -ψ
478 2787 615 2825 Typhoia
639 2787 751 2817 temnis.
797 2788 867 2831 sz:
905 2788 1020 2817 riseris.
1049 2789 1103 2817 hic
1139 2787 1238 2816 etiam
1273 2788 1408 2825 exponit
1445 2788 1572 2816 canidio.
1609 2796 1723 2816 causas
1760 2787 1878 2816 irarum

0 2842 10 2885 jv
56 2853 193 2873 suarum.
219 2843 355 2872 Videtur
380 2847 486 2873 autem
509 2843 645 2873 Horatio
671 2845 870 2874 commisisse
893 2849 1008 2874 secr-eta
1033 2843 1238 2882 ueneficiornm
1263 2853 1392 2873 suorum
1416 2843 1620 2882 infernalium
1647 2853 1727 2881 quae
1744 2843 1798 2872 ille
1824 2843 1881 2872 de-

0 2888 12 2932 11
55 2900 164 2930 ridens
189 2900 382 2938 vulgauerit.
412 2899 523 2929 C'ocitia
547 2904 654 2929 autem
679 2910 770 2930 sacra
795 2901 939 2939 cupidini
963 2910 1032 2930 esse
1057 2901 1141 2930 dixit
1169 2901 1245 2938 quia
1268 2900 1416 2938 maleficia
1440 2901 1519 2930 haee
1544 2908 1623 2938 quae
1642 2909 1696 2937 per
1712 2898 1882 2938 infernalia

0 2935 13 3052 f
56 2966 148 2987 sacra
171 2957 254 2987 fiunt
278 2957 318 2986 ad
343 2966 481 2986 amorem
506 2957 667 2995 pertinere
690 2958 760 2986 vult
786 2958 945 2996 intellegi.
972 2957 1013 2986 Et
1040 2956 1163 2986 liberam
1187 2955 1354 2994 cupidinem
1379 2957 1466 2993 dicit,
1501 2957 1585 2995 quod
1611 2957 1703 2994 quasi
1729 2955 1811 2985 nulli
1838 2956 1881 2985 sit

58 3014 216 3043 obnoxius
242 3017 273 3043 et
298 3022 406 3043 omnes
432 3022 548 3042 amores
574 3013 662 3042 ludat.
690 3014 815 3051 glossa:
842 3013 968 3053 cocytia.
994 3014 1014 3043 i.
1039 3022 1130 3042 sacra
1153 3012 1328 3052 infernalia.
1355 3012 1437 3043 conf.
1463 3012 1510 3049 fh,
1536 3013 1590 3051 qui
1615 3013 1648 3041 in
1661 3012 1735 3042 Aer.
1760 3012 1882 3041 habent

63 3068 174 3109 Cotytia
212 3069 289 3108 (nou
315 3069 464 3110 Cocytia)
503 3080 574 3100 cum
600 3071 774 3100 contradic.
802 3071 845 3108 gl.
870 3069 1081 3110 infernalibw,
1120 3070 1151 3098 in
1176 3069 1291 3107 Porph.
1319 3068 1463 3108 Cotytcia.
1504 3087 1547 3090 --—
1587 3068 1705 3108 impune
1730 3071 1759 3097 nt
1783 3067 1881 3096 urbem

62 3126 107 3164 (u.
135 3127 200 3165 59).
228 3127 248 3156 i.
273 3127 336 3156 sine
358 3127 421 3156 ulla
444 3127 577 3156 uindicta
601 3127 758 3165 magicam
783 3131 887 3157 autem
906 3131 937 3157 et
956 3126 1117 3165 patefacta
1142 3125 1194 3155 aba·
1217 3136 1235 3155 a
1261 3135 1309 3155 me
1335 3131 1458 3155 secreta
1483 3130 1512 3155 ιιι
1536 3135 1571 3155 ne
1596 3126 1748 3155 deriseris
1775 3128 1806 3153 et
1832 3133 1881 3152 me

60 3183 148 3213 urbis
172 3183 311 3213 fabulam
336 3183 451 3213 feceris
476 3184 538 3228 Βφ.

4 3325 18 3535 l

1889 1339 1929 1371 10
