2283 3535
847 191 891 222 IN
920 193 1052 224 131201).
1080 195 1177 225 xvi.
1845 191 1925 229 513

209 313 273 352 39.
306 313 373 353 40.
407 328 477 354 uos
509 313 648 367 quibus
679 323 735 354 est
769 316 912 355 uirtus.
974 314 1022 354 In
1055 315 1209 365 animo,
1243 318 1412 371 supple:
1456 321 1653 361 discedite.

208 385 301 426 mul.
334 394 357 425 t.
391 386 413 426 l.
476 385 533 426 Ut
566 384 638 439 (A.
672 384 748 434 VI,
781 388 874 440 37):
914 388 1004 428 Nou
1035 387 1108 428 lzoc
1139 389 1213 428 ista
1244 391 1320 429 silus
1347 398 1498 446 tempas
1530 395 1757 447 spectacula
1781 397 1923 450 poscit,

96 463 134 497 et
167 456 240 512 (A.
272 456 378 506 XII,
412 458 534 512 156):
568 458 658 500 Non
690 458 865 499 lacrimis
894 460 966 500 hoc
998 469 1160 516 tempus.

208 531 273 571 40.
311 532 483 572 Etrusca
509 546 550 586 p.
583 547 612 571 e.
646 546 683 571 a.
717 532 742 571 l.
802 530 1012 585 Nauigate
1043 532 1311 588 Tyrrhenum
1343 549 1471 576 mare.

210 604 276 643 41.
308 618 379 645 uos
410 612 539 644 manet
572 606 770 645 Oceanus.
829 603 879 644 In
912 620 992 659 quo
1024 614 1118 647 sunt
1149 607 1311 648 Insulae
1341 609 1591 661 fortunatae,
1623 611 1676 650 ad
1709 626 1811 665 quas
1834 611 1920 653 Sal.

95 674 224 729 (histt.
257 677 406 731 fragm.
439 676 472 725 I,
507 678 571 717 61.
602 675 762 728 Kritz.)
801 677 842 716 in
874 677 1047 718 historia
1079 679 1178 720 dicit
1211 682 1360 721 ‘uictum
1393 682 1569 722 uoluisse
1600 684 1656 723 e'rc
1688 684 1921 727 Sertorium.

202 749 268 788 42.
303 750 457 790 diuites.
517 748 753 798 Fecundas,
786 759 828 790 ut
868 751 977 805 l'erq.
1012 750 1087 802 (G.
1121 751 1176 799 II,
1207 754 1330 808 4<3<⁴5>2
1365 755 1486 795 Diues
1518 768 1637 810 opum
1668 758 1894 798 uariarum.

203 822 268 862 43.
302 822 431 863 redd-it
461 837 500 863 a.
533 837 564 862 c.
595 831 619 863 t.
650 824 820 862 inarata.
883 822 942 864 Ut
989 822 1063 877 (G.
1095 824 1129 873 Ι,
1164 826 1283 880 128);
1331 828 1491 882 Ipsaque
1532 828 1646 869 tellus
1681 830 1825 870 Omnia
1857 832 1916 871 li-

94 894 228 935 berius
258 896 369 936 nullo
393 905 580 951 poscente
610 896 770 949 ferebat.

199 968 264 1008 45.
298 977 333 1009 et
363 983 576 1024 mcmqaam
606 969 795 1021 fallentis.
855 967 906 1009 Id
937 977 1010 1018 est,
1044 969 1246 1012 fructibus
1277 970 1542 1013 abundantis.

201 1049 341 1081 termes
363 1042 505 1082 oliuae.
551 1043 708 1082 Termes
725 1041 879 1082 dieitur
899 1050 1108 1084 extremus
1130 1043 1266 1084 oliuae
1289 1059 1441 1094 ramus,
1467 1045 1570 1086 sicut
1587 1046 1734 1087 uitium
1751 1048 1916 1103 palmes.

204 1115 269 1154 46.
296 1115 427 1169 pulla.
488 1113 643 1169 Nigra3
676 1114 729 1154 ad
761 1114 942 1155 colorem
974 1115 1089 1170 pomi
1121 1116 1288 1157 rettulit.

200 1188 266 1227 49.
298 1188 388 1228 Illa»
419 1189 591 1228 iniussae
626 1188 791 1228 ueniunt
813 1188 867 1228 acl
898 1189 1073 1229 mulctra
1107 1190 1295 1244 capellae.
1355 1188 1426 1232 Sic
1467 1192 1572 1244 l'ery.
1607 1191 1674 1246 (B.
1706 1192 1783 1241 IV,
1817 1196 1913 1247 21);

86 1260 202 1315 Ipsae
234 1261 332 1301 lacte
363 1261 522 1302 domum
553 1262 724 1314 referent
755 1262 923 1301 distenta
956 1262 1132 1316 capellae
1167 1263 1307 1304 Ubera.

198 1334 262 1375 50.
296 1343 412 1375 tenta.
472 1333 683 1382 Distenta,
717 1333 853 1387 plena.

198 1408 262 1447 51.
295 1422 364 1447 nec
394 1422 496 1463 uesp.
529 1408 682 1447 circum
711 1422 808 1461 qem.
844 1420 962 1447 ursus
1006 1408 1122 1448 ouile.
1197 1407 1256 1449 Ut
1299 1408 1368 1462 (B.
1400 1409 1477 1459 IV,
1512 1412 1601 1463 22):
1647 1426 1719 1452 uec
1750 1426 1916 1466 maynos

84 1488 254 1520 metuent
286 1489 469 1521 armenta
501 1480 641 1520 leones.

198 1554 262 1594 52.
296 1568 366 1594 nec
395 1555 535 1594 insum.
568 1553 652 1593 alta
683 1554 831 1608 uzpere's
861 1553 1018 1594 hamus.
1078 1553 1138 1594 Ut
1170 1552 1246 1607 (G.
1268 1554 1326 1604 ΙΙ,
1352 1556 1474 1610 153):
1513 1557 1595 1597 Nec
1625 1559 1733 1612 ‘rapit
1762 1559 1916 1600 inmen-

82 1640 144 1667 sos
176 1626 286 1667 orbes
309 1641 385 1682 per
415 1627 580 1667 humum
601 1640 725 1680 neque
746 1634 854 1667 tanto
877 1626 1101 1681 Squameus
1132 1629 1175 1668 in
1196 1629 1347 1683 spiram
1371 1637 1504 1670 tractu
1527 1645 1567 1670 se
1589 1630 1735 1685 collt'yt't
1757 1633 1916 1686 anquis.

197 1700 262 1740 58.
299 1699 463 1741 Colclu's.
521 1698 690 1739 Medea.

195 1774 260 1813 59.
291 1787 371 1814 *non
402 1773 480 1814 leuc
511 1772 678 1814 Sidonii.
741 1771 894 1813 Cadmi
926 1772 1060 1814 socios
1093 1773 1304 1827 significat
1338 1772 1413 1830 [,ut
1447 1772 1522 1829 (G.
1554 1774 1612 1825 ΙΙ,
1647 1778 1770 1831 14Ο);
1807 1779 1916 1819 Haec

82 1845 166 1886 loca
183 1860 261 1887 nou
285 1847 397 1888 tauri
423 1847 621 1901 spirantes
643 1846 805 1886 naribus
826 1847 955 1900 z'ynem
979 1847 1185 1887 Imm-tere
1207 1849 1304 1888 satis
1326 1849 1499 1889 inmanis
1524 1848 1719 1891 dentibus
1741 1850 1913 1908 hydri.].

195 1934 362 1960 cornua.
424 1917 580 1973 Capita
608 1918 798 1959 uelorum
831 1933 983 1960 cornua
1024 1919 1232 1969 dicuntur,
1278 1927 1323 1960 ut
1355 1918 1429 1974 (A.
1461 1920 1540 1970 HI,
1574 1924 1699 1977 5450:
1752 1923 1914 1964 Cornua

80 1992 307 2033 uelatarmn
337 1993 579 2033 obuerte'mus
612 2000 893 2032 antennarum·

195 2066 259 2106 60.
292 2065 488 2106 laboriosa
516 2080 555 2105 η.
589 2064 672 2106 coh.
707 2065 849 2106 Utfe'oeez'.
910 2065 970 2107 Ut
1000 2081 1127 2121 supra
1159 2064 1230 2120 (C.
1263 2066 1297 2116 Ι,
1333 2068 1370 2117 6,
1405 2068 1469 2122 7);
1511 2068 1593 2110 Nec
1639 2083 1781 2110 cursus
1827 2070 1913 2111 du—
1941 2079 1976 2092 “⁷

77 2139 201 2194 plz‘ces
223 2153 300 2194 per
331 2152 442 2179 mare
475 2138 614 2180 Uliscez'.

195 2213 259 2253 61.
292 2212 406 2253 nulla
428 2227 466 2253 n.
485 2230 521 2266 p.
546 2227 577 2253 c.
636 2211 698 2253 Ut.
719 2210 788 2265 (B.
806 2211 840 2261 Ι,
864 2212 956 2266 ᾧΟ);
990 2211 1073 2254 Nee
1093 2213 1200 2253 mala
1220 2214 1345 2254 uicini
1355 2215 1513 2268 pecoris
1537 2217 1721 2269 coutaqe'a
1743 2216 1913 2257 laedent.

199 2334 230 2373 1)
264 2334 318 2363 Vos
334 2333 437 2372 quibus
462 2337 503 2362 est
526 2331 636 2371 virtus]
660 2332 785 2368 Quibus
811 2333 916 2362 uirtus
943 2336 991 2362 est
1011 2333 1043 2362 in
1062 2333 1167 2363 animo
1186 2333 1344 2363 discedite
1362 2332 1401 2363 R.
1424 2334 1548 2369 Quibus
1568 2336 1673 2364 uirtus
1692 2340 1739 2364 est
1758 2336 1791 2364 in
1808 2336 1913 2366 animo

82 2390 110 2418 2.
146 2407 187 2411 —
220 2390 395 2420 descendite
422 2390 449 2418 2.
476 2389 630 2419 descedite
658 2392 685 2419 1.
752 2390 786 2428 2)
813 2390 870 2418 ista
894 2388 1082 2427 RlG(Q)‚r.
1110 2390 1177 2428 ipsa
1201 2390 1338 2419 mvcafh.
1405 2391 1439 2429 6)
1467 2391 1549 2420 dia-it
1576 2393 1605 2421 ⁶2.
1641 2392 1709 2421 rell.
1736 2392 1825 2421 dicit.
1875 2393 1910 2430 8)

80 2446 162 2475 redit
182 2447 210 2475 2.
260 2446 293 2484 9)
312 2447 457 2475 libertius
474 2446 520 2475 fh.
567 2446 621 2484 10)
641 2446 739 2476 schol.
759 2456 818 2475 oni.
833 2446 869 2474 R.
888 2444 996 2474 fruetis
1015 2447 1043 2475 2.
1088 2446 1142 2482 11)
1162 2447 1246 2475 oliue
1264 2456 1371 2475 ramus
1385 2447 1444 2476 ΒΞ.
1464 2447 1532 2476 rell.
1550 2457 1629 2477 ram.
1651 2449 1691 2476 ol.
1737 2448 1791 2486 12)
1813 2450 1912 2478 schol.

82 2511 141 2531 om.
159 2502 195 2530 R.
232 2502 287 2541 13)
307 2503 406 2532 schol.
425 2513 475 2532 om
492 2512 514 2531 r.
534 2502 648 2531 multra
665 2502 829 2539 pauciores
847 2505 927 2531 uett.
946 2502 1037 2531 codd.
1054 2506 1088 2531 ut
1103 2502 1196 2544 szD.
1235 2500 1289 2542 14)
1310 2503 1448 2532 referant
1467 2503 1549 2532 cafh.
1570 2505 1637 2532 rell.
1658 2503 1912 2543 referentfflibb.

82 2558 229 2589 Laetant.
247 2560 323 2589 inst.
342 2559 411 2595 VH,
432 2560 499 2598 24).
553 2559 607 2597 15)
634 2563 727 2589 tanta
740 2558 850 2588 Ambr.
871 2568 939 2588 cum
959 2559 1084 2597 glossa:
1105 2560 1259 2588 distenta.
1312 2559 1366 2597 16)
1386 2560 1505 2589 circum
1523 2561 1623 2598 gemit
1642 2569 1744 2598 separ.
1764 2562 1911 2590 nonnulli

82 2619 163 2645 uett.
191 2616 283 2645 codd.
309 2620 344 2645 ut
368 2617 463 2645 Fran.
490 2616 587 2645 Bel-n.
613 2615 652 2644 A.
680 2615 760 2645 ouile
784 2626 869 2645 omn.
898 2615 963 2645 fere
990 2619 1068 2645 uett.
1095 2617 1186 2645 codd.
1213 2616 1289 2646 Hor.
1323 2620 1450 2654 praeter
1485 2616 1535 2658 φΒ
1570 2617 1714 2655 (rasura)
1751 2618 1803 2655 qui
1836 2618 1910 2647 hab.

82 2672 167 2709 ouili,
195 2677 225 2702 et
252 2682 282 2714 γε
308 2673 404 2702 oliuae
430 2673 464 2710 (2
492 2683 532 2702 111.
559 2682 707 2710 supi-apo.
733 2672 774 2702 al.
802 2672 1086 2712 oatle)P2(01iue)
1115 2683 1154 2702 ex
1181 2674 1327 2711 praeced.
1347 2683 1377 2702 u.
1397 2674 1457 2702 45:
1484 2677 1588 2701 termes
1612 2673 1719 2702 oliuae.
1773 2674 1828 2710 18)
1856 2675 1911 2703 im-

83 2737 182 2758 mens.
210 2730 284 2759 libri
308 2729 381 2758 Aer.
409 2730 483 2759 iam.
510 2729 621 2758 Medic.
650 2730 761 2768 (corr.)
787 2730 908 2767 aliique
933 2730 1022 2759 codd.
1050 2730 1145 2768 Verg.
1173 2734 1204 2760 et
1229 2731 1270 2758 ad
1301 2729 1331 2759 S.
1364 2730 1388 2766 Ι,
1428 2731 1453 2764 1,
1480 2730 1521 2759 41
1555 2733 1619 2758 uet.
1654 2729 1745 2758 codd.
1780 2730 1910 2759 Horatii

85 2785 198 2815 Ambr.
216 2786 318 2828 γΒφΙ)
347 2791 405 2815 etc.
433 2787 531 2816 schol.
550 2796 610 2816 om.
630 2786 659 2815 2.
683 2787 710 2814 1.
763 2784 818 2824 19)
844 2790 916 2823 post
941 2786 1047 2825 anglais
1073 2786 1145 2815 add.
1162 2787 1202 2816 R:
1230 2787 1319 2816 uelut
1345 2796 1419 2815 seua
1446 2786 1617 2815 draconum
1643 2787 1767 2814 semina
1792 2785 1849 2824 (cf.
1869 2786 1909 2815 G.

82 2842 125 2879 II,
154 2843 214 2872 151
240 2842 362 2872 leonum
387 2842 524 2881 semina).
552 2844 605 2880 qui
630 2843 746 2871 lemma
772 2844 885 2872 iterat:
923 2852 974 2871 uec
1002 2843 1052 2881 (ut
1077 2843 1187 2872 Ambr.
1223 2843 1312 2871 Harl.
1344 2842 1436 2870 Barc.
1474 2842 1569 2871 Bern.
1604 2841 1671 2870 AC.
1710 2859 1752 2862 —
1791 2842 1821 2870 K
1848 2851 1910 2871 non

84 2898 180 2928 habet
205 2899 236 2927 h.
262 2898 362 2937 uei-s.)
390 2900 471 2928 intu.
498 2908 525 2928 a.
552 2909 581 2928 v.
608 2900 661 2928 hu.
688 2903 724 2928 ut
750 2908 807 2928 nec
832 2909 888 2928 sua
912 2899 1083 2928 draconum
1110 2900 1242 2929 semina.
1269 2908 1331 2928 non
1356 2898 1434 2928 huuc
1460 2897 1505 2935 (u.
1526 2898 1542 2926 5
1562 2907 1617 2935 pro
1636 2897 1707 2935 huc)
1736 2907 1764 2926 a.
1786 2908 1810 2926 c.
1837 2897 1911 2927 haec

82 2954 148 2984 loca
173 2958 231 2984 etc.
281 2956 339 2994 20)
368 2954 489 2985 Chalcos
513 2955 625 2985 medea
649 2966 673 2993 r,
700 2957 767 2987 rell.
795 2956 925 2986 colchis.
976 2956 1032 2994 22)
1059 2956 1144 2993 ignes
1158 2955 1194 2984 R.
1220 2956 1331 2983 Inaert.
1350 2971 1384 2974 —
1402 2953 1494 2992 hydri
1517 2954 1660 2989 on1.R‚r.
1687 2953 1803 2983 iunian.
1831 2958 1908 2983 uett.

83 3011 173 3040 codd.
198 3010 274 3041 Hor.
302 3012 363 3041 sibi
390 3012 531 3041 inconst.
558 3012 583 3048 Ι,
612 3012 662 3046 27,
691 3014 719 3041 6.
745 3012 802 3048 111,
830 3013 860 3048 4,
887 3013 941 3049 43,
973 3013 1021 3048 ll,
1051 3012 1101 3041 15.
1131 3011 1162 3041 S.
1192 3011 1233 3047 II⁷
1264 3012 1295 3047 4,
1328 3012 1377 3039 76.
1404 3027 1448 3031 —
1472 3014 1567 3039 ut—
1585 3011 1681 3049 hydri
1707 3021 1768 3040 om.
1794 3009 1909 3044 R21G,

85 3076 192 3095 rinvca
206 3066 244 3101 Q.
295 3066 352 3106 24)
378 3072 512 3097 anteum.
529 3068 593 3104 2,ν.
609 3067 732 3097 aduert.
759 3068 963 3097 intennarum
989 3078 1013 3097 r.
1030 3068 1099 3096 rell.
1115 3067 1178 3097 oba.
1206 3072 1341 3096 autenm.
1393 3067 1450 3105 25)
1478 3066 1574 3096 ulia-ei
1597 3076 1680 3096 omn.
1709 3071 1790 3096 uett.
1817 3067 1909 3096 codd.

86 3122 161 3151 Hor.
187 3124 299 3162 ulyxei
324 3123 361 3153 G.
389 3124 512 3163 ulyssei
538 3123 561 3160 f,
588 3125 669 3153 hane
694 3134 742 3153 uo.
770 3134 829 3154 om.
856 3125 925 3153 cah.
953 3134 973 3153 v
997 3125 1096 3153 habet
1121 3134 1174 3153 nec
1198 3134 1223 3152 c.
1250 3134 1280 3153 v.
1309 3127 1412 3153 totum
1438 3123 1534 3152 schol.
1562 3133 1621 3152 om.
1654 3133 1678 3152 r.
1730 3124 1787 3161 26)
1814 3122 1910 3151 ulixei

85 3179 145 3210 Rl.
170 3180 288 3219 ulyssei
312 3180 418 3210 veafh.
444 3181 519 3209 uide
544 3181 565 3210 l.
594 3181 615 3209 1.

221 3245 376 3270 immun..
393 3245 461 3266 Aen.
478 3245 517 3265 ET
534 3245 647 3265 PORPH.
1604 3244 1635 3268 33

1971 624 1988 651 5

1950 985 1985 1015 10

1942 1349 1979 1379 15
