2170 3460
881 231 926 260 IN
956 230 1086 261 CARM.
1120 228 1186 266 111,
1213 233 1246 260 3.
1902 218 1981 258 263

160 353 375 402 Romanis,
407 351 558 406 quibus
592 349 889 407 [aliquamdiu]
922 358 1094 404 propter
1124 350 1244 399 iram,
1277 363 1403 403 quam
1423 349 1467 389 in
1488 348 1695 391 Troianos
1716 349 1874 400 habuit,
1906 351 1983 390 ali-

159 426 359 481 quamdiu
389 425 496 466 irata
526 424 614 465 fuit.

275 500 338 541 18.
371 499 475 540 Ilion
505 498 623 538 Ilion.
683 495 805 537 Hace
835 496 919 536 iam
949 494 1132 537 Junonis
1162 494 1292 536 uerba
1324 502 1418 536 sunt
1448 494 1490 534 in
1522 495 1707 536 consilio.

273 574 338 614 23.
370 572 466 613 milet
494 579 589 613 cast.
622 571 883 626 dampnatum
915 570 1012 610 Min.
1074 568 1158 610 Pro
1188 585 1211 609 (ι
1240 584 1300 609 me
1331 568 1617 623 dampnatum,
1656 568 1781 608 Ilium
1813 568 1985 609 scilicet.

274 647 338 687 25.
371 647 445 686 iam
474 659 546 686 nec
580 645 670 685 Lac.
701 644 774 699 spl.
807 643 931 684 adult.
961 644 1057 696 sam.
1089 643 1197 698 hosp.
1256 640 1488 696 Eleganter
1517 642 1620 682 haec
1651 641 1859 690 dicuntur,
1893 641 1986 694 qui·
2037 651 2053 679 5

162 719 238 760 bus
269 718 388 773 quasi
427 717 607 759 ostendit
643 731 686 758 se
723 715 838 757 June
881 714 973 772 [ad]
1030 715 1356 757 satisfactionem
1394 729 1524 769 usque
1562 714 1616 755 ad
1653 713 1853 755 ultionem
1892 728 1987 767 per-

165 792 326 847 cepisse
357 791 408 832 de
439 789 648 832 Troianis.

271 866 337 906 34.
370 865 498 906 dicere
527 865 700 905 nectaris
730 877 856 904 sucos.
918 862 969 903 Id
999 868 1073 911 est,
1106 861 1355 902 adsuescere
1386 860 1608 916 saporibus
1639 859 1832 901 nectaris.

273 938 339 979 37.
372 939 466 979 dum
497 937 601 992 lonq.
633 938 704 978 inl.
737 951 845 977 ὅπου.
877 936 994 977 Ilion.
1054 934 1171 975 Dum
1201 934 1326 989 longe
1358 934 1422 984 sit,
1455 934 1602 988 inquit,
1644 934 1697 975 ab
1728 933 1807 974 Ilio
1838 932 1987 983 Roma,

160 1011 203 1052 in
238 1010 424 1065 qualibet
453 1016 574 1065 parte
604 1009 718 1051 orbis
749 1008 944 1058 Romani,
977 1015 1177 1063 quantum
1209 1008 1252 1048 in
1283 1022 1349 1048 me
1381 1013 1454 1057 est,
1487 1015 1674 1062 regnent.
1754 1006 1987 1063 Eleganter
2016 1016 2056 1047 10

165 1084 234 1126 hic
264 1084 505 1139 peruicacia
535 1083 666 1124 iratae
696 1083 740 1123 in
771 1082 979 1124 Troianos
1009 1080 1130 1123 Deae
1161 1080 1421 1136 exprimitur.

274 1159 339 1199 39.
371 1165 566 1212 reqnanlo
599 1157 709 1198 beati.
780 1156 987 1211 Reqnanto
1019 1170 1096 1210 pro
1128 1163 1317 1212 regnent.
1391 1153 1538 1195 Tertia
1567 1168 1644 1208 pro
1676 1154 1859 1195 secunda
1890 1168 1986 1208 per-

162 1246 265 1273 sona
296 1237 369 1280 est,
400 1236 445 1271 ut
475 1237 536 1271 est
566 1229 670 1271 illud
713 1229 976 1284 l'erqz’lz'ctnvcrvz
1007 1227 1082 1283 (A.
1114 1228 1169 1279 V,
1200 1230 1323 1285 314):
1360 1230 1521 1271 Tertius
1551 1228 1738 1282 Aryol‘e'ca
1768 1227 1843 1268 hac
1872 1228 1989 1281 qalea

163 1312 371 1346 contentus
402 1302 538 1359 abico]

272 1378 339 1418 41.
372 1378 468 1418 dum
499 1378 580 1418 Pri.
613 1379 708 1417 Par.
740 1375 850 1417 husto
880 1377 952 1416 ins.
984 1390 1085 1417 arm.
1146 1374 1245 1417 Hoc
1275 1382 1349 1426 est,
1380 1375 1594 1430 pascendo
1616 1373 1972 1430 supergrediatur.
2021 1384 2058 1413 15

273 1452 339 1491 42.
372 1458 408 1491 et
439 1449 591 1491 catulos
620 1450 649 1503 s.
675 1463 704 1489 c.
726 1450 751 1490 γ’.
796 1447 938 1489 Perite
960 1448 1156 1499 ostendit,
1189 1464 1315 1504 quam
1337 1448 1546 1490 desertam
1569 1462 1659 1490 esse
1680 1447 1781 1488 uelit
1804 1446 1990 1487 Troiam.

272 1525 340 1564 44.
372 1523 577 1564 horrenda
609 1522 632 1563 l.
664 1537 703 1563 n.
734 1524 759 1563 τ’.
791 1536 831 1563 n.
890 1521 987 1563 Non
1018 1528 1222 1577 perpetuo
1253 1522 1438 1577 epitheto
1459 1523 1706 1564 horrendam
1727 1522 1897 1563 Romam
1928 1519 1992 1560 di-

168 1596 236 1647 cit,
269 1596 342 1638 sed
373 1596 557 1637 barbaris
587 1596 840 1637 horrendam.

273 1671 339 1711 45.
372 1684 449 1725 qua
477 1685 527 1710 m.
561 1670 585 1711 l.
617 1685 647 1711 s.
684 1671 728 1710 E.
760 1670 807 1710 ab
841 1672 887 1711 A.
949 1667 1211 1710 Gaditanum
1250 1684 1366 1710 mare
1405 1668 1533 1725 (siue)
1575 1669 1727 1710 fretum
1759 1667 1991 1724 significat3

170 1743 269 1784 inde
300 1743 411 1784 enim
442 1742 651 1797 incipiunt
681 1742 863 1784 discerni
893 1741 1069 1797 Europa
1099 1749 1140 1783 et
1168 1742 1322 1798 Libya.
2019 1749 2060 1780 20

274 1818 341 1858 48.
373 1831 449 1872 qna
482 1817 661 1858 [tunitius
692 1830 723 1856 r.
756 1831 793 1856 a.
826 1816 955 1860 Nilus.
1016 1814 1113 1857 Non
1145 1829 1310 1872 semper
1340 1815 1537 1865 tumidus,
1571 1815 1644 1857 sed
1674 1821 1773 1856 tunc
1795 1814 1992 1863 tumidus,

163 1906 258 1932 cum
289 1890 414 1945 rigat.

274 1964 340 2004 49.
372 1977 518 2004 [aarum
548 1964 792 2018 inrepertwn
824 1978 851 2003 e.
882 1978 912 2003 s.
943 1976 994 2003 m.
1023 1978 1054 2004 s.
1086 1979 1117 2004 e.
1149 1970 1173 2004 t.
1205 1979 1235 2005 e.
1266 1979 1296 2004 s.
1326 1963 1484 2017 fortior.
1542 1961 1660 2003 Bene
1681 1977 1829 2003 aurum
1849 1961 1992 2002 utilius

163 2036 223 2078 ait
243 2051 345 2087 esse,
377 2037 495 2092 prius
526 2051 652 2091 quam
673 2036 725 2077 de
747 2035 927 2077 metallis
951 2035 1084 2093 [cum]
1109 2036 1343 2086 effodiatur,
1376 2036 1574 2090 quoniam
1605 2035 1801 2077 effossum
1822 2049 1991 2076 causam

279 2153 311 2191 1)
332 2153 530 2191 aliquamdiu
548 2153 631 2182 irata
643 2152 714 2181 MR.
735 2152 804 2182 rell.
825 2153 940 2190 quibus
954 2152 1166 2194 aliquamdiu.
1187 2153 1219 2182 in
1236 2151 1370 2182 troianis
1382 2152 1420 2184 P..
1434 2152 1498 2181 fuit.
1516 2162 1576 2181 om.
1590 2152 1634 2181 M.
1675 2151 1709 2189 3)
1729 2151 1864 2181 concilio
1881 2152 1908 2180 2.
1924 2150 1992 2179 rell.

164 2210 308 2239 consilio.
327 2213 498 2247 utrumque
514 2212 612 2246 recte,
632 2210 701 2238 siue
718 2209 881 2238 auditores
900 2209 970 2238 siue
984 2209 1192 2238 consiliantes
1211 2209 1286 2238 sint.
1318 2209 1354 2247 4)
1373 2208 1526 2238 da1nn.M
1539 2209 1588 2238 bis
1605 2212 1640 2237 ut
1652 2207 1796 2245 R‚rvafh.
1817 2208 1946 2245 dampn.
1965 2207 1993 2235 2.

163 2265 250 2294 illum
263 2265 408 2302 MR·2,1·v.
424 2266 493 2295 rell.
510 2265 595 2295 Ilion
614 2266 747 2295 scilicet.
762 2265 838 2295 Scil.
853 2266 936 2295 Ilion
950 2275 1017 2303 pos.
1034 2265 1071 2300 Q.
1086 2265 1181 2294 Ilium
1199 2266 1324 2303 scripsi.
1343 2263 1425 2294 Ilion
1444 2266 1569 2294 scilicet
1586 2265 1693 2294 uerbis
1711 2268 1859 2302 cestasque
1872 2264 1995 2292 addunt

164 2320 209 2358 fh.
227 2330 288 2350 non
305 2321 374 2350 Pat.
391 2326 427 2351 ut
444 2321 471 2356 Q
489 2321 596 2351 refert.
631 2322 666 2360 2)
686 2322 800 2360 quibus
814 2321 888 2351 MA.
907 2321 977 2350 rell.
995 2331 1055 2351 om.
1075 2321 1217 2351 ostendit
1230 2321 1408 2357 MAR2‚rv.
1423 2322 1573 2351 ostendat
1589 2321 1688 2356 ath.
1708 2330 1742 2350 se
1760 2322 1834 2349 iuno
1851 2319 1994 2355 MRQrv.

164 2377 243 2407 Iuno
269 2387 302 2407 se
327 2377 424 2413 ath.
465 2377 507 2407 ad
530 2378 634 2407 satisf.
660 2388 762 2417 usque
786 2379 845 2408 ult.
873 2378 971 2413 ath.
1011 2388 1031 2407 α
1055 2377 1280 2407 satisfactione
1305 2387 1396 2416 nsque
1420 2378 1462 2407 ad
1484 2379 1543 2408 ult.
1572 2378 1664 2416 (ulct.
1690 2378 1720 2416 r)
1746 2387 1791 2406 rv.
1829 2376 1871 2404 ad
1895 2376 1994 2405 satis—

164 2433 338 2464 factionem
363 2444 462 2472 usque
487 2435 528 2464 ad
553 2436 611 2464 ult.
636 2435 702 2464 Μ2.
743 2435 817 2465 iuno
843 2434 949 2464 satisf.
975 2433 1052 2474 (om.
1079 2434 1137 2473 ad)
1163 2443 1263 2472 usque
1288 2435 1329 2463 ad
1354 2435 1411 2464 ult.
1437 2434 1473 2464 R.
1500 2438 1597 2464 reete.
1647 2434 1681 2472 8)
1707 2432 1833 2463 Discere
1858 2432 1994 2461 necteris

171 2500 275 2520 sucum
299 2491 343 2519 M.
380 2491 514 2520 Discere
539 2492 680 2521 nectaris
704 2496 816 2521 suetum
840 2501 877 2521 rv
915 2491 996 2530 (non
1022 2500 1165 2529 succum,
1202 2494 1239 2520 ut
1270 2492 1327 2520 ref.
1356 2491 1411 2529 Q).
1454 2491 1568 2520 discere
1602 2490 1742 2520 nectaris
1775 2498 1880 2518 succos
1912 2488 1992 2525 R‚a.

168 2547 292 2582 ducere,
319 2557 349 2576 11.
377 2556 484 2576 succos
510 2546 557 2577 fh.
600 2547 747 2577 Lectioni
774 2557 882 2577 sucum
908 2556 1036 2585 sapores
1068 2550 1259 2585 oppugnant
1286 2552 1317 2577 et
1341 2551 1490 2577 metrum.
1542 2547 1576 2585 9)
1605 2547 1720 2585 inquid
1745 2545 1788 2574 M.
1840 2545 1896 2582 10)
1921 2553 1994 2582 reg-

167 2606 218 2631 net
240 2602 277 2632 fh
302 2602 363 2643 (sc.
390 2603 516 2641 Roma).
542 2604 610 2633 rell.
637 2608 774 2641 regnent.
826 2602 882 2643 11)
908 2604 1085 2642 peruicatia
1108 2603 1153 2633 M.
1196 2604 1300 2633 iratae
1324 2614 1383 2634 om.
1411 2604 1447 2633 R.
1499 2604 1553 2641 12)
1582 2613 1672 2641 regn.
1697 2603 1747 2632 be.
1773 2603 1931 2639 Regnanto
1949 2600 1992 2637 M,

166 2670 213 2690 rv.
254 2659 343 2695 ath
367 2670 427 2690 om.
453 2661 502 2690 be.
520 2661 699 2699 Regnanto.
740 2661 801 2691 Pro
827 2661 916 2699 uulg.
942 2661 1015 2692 lect,
1043 2661 1186 2691 Secunda
1204 2670 1265 2699 pro
1290 2661 1379 2690 tertia
1399 2670 1482 2698 pers.
1510 2660 1624 2698 scripsi
1648 2658 1748 2688 Tertia
1774 2668 1802 2696 p.
1820 2667 1877 2687 sec.
1897 2667 1992 2695 pers„

166 2717 241 2754 quia
266 2717 299 2745 in
325 2717 390 2746 loco
415 2717 511 2755 Verg.
538 2717 641 2746 tertius
666 2735 706 2738 ἡ
733 2717 810 2747 abito
835 2719 934 2747 tertia
958 2727 1042 2755 pers.
1069 2727 1125 2755 pro
1150 2718 1290 2747 secunda
1315 2717 1423 2755 posita
1449 2720 1509 2746 est.
1554 2716 1755 2745 Lacunarum
1781 2717 1911 2749 auctor,
1939 2714 1993 2751 qui

165 2773 225 2803 hoc
261 2783 325 2802 non
351 2774 536 2811 intellexit,
579 2775 675 2803 dicit:
714 2778 780 2811 ‚aut
806 2775 922 2804 mirum
948 2775 1206 2804 additamentum
1232 2775 1318 2803 inest
1344 2774 1376 2802 in
1401 2773 1507 2802 uerbis
1534 2771 1675 2801 Secunda
1700 2775 1776 2807 etc.‚
1818 2773 1873 2799 aut.
1904 2770 1994 2799 locus

166 2833 216 2858 est
241 2847 283 2850 —
308 2830 487 2859 lacunosus.
539 2830 595 2868 13)
622 2834 658 2859 ut
683 2834 725 2859 est
747 2830 824 2860 illud
846 2831 990 2867 MR,rva.
1018 2835 1054 2860 ut
1078 2835 1120 2860 esc
1143 2830 1226 2869 apud
1249 2831 1278 2859 2.
1303 2833 1340 2859 ut
1365 2834 1394 2858 et
1416 2830 1464 2859 ill.
1492 2827 1569 2862 th.
1617 2845 1659 2847 -—
1707 2827 1763 2856 hac
1785 2826 1874 2866 [saleco
1898 2813 1993 2855 MRQ.

165 2885 225 2914 hac
250 2895 311 2915 om.
337 2895 403 2915 rva.
430 2886 523 2923 galea
548 2887 607 2914 hac
632 2885 710 2920 th.
738 2887 775 2915 cf.
803 2886 893 2916 Seru.
922 2887 955 2916 in
980 2886 1052 2916 Art.
1080 2896 1145 2916 sen.
1171 2887 1254 2916 Don.
1287 2887 1369 2915 1791
1397 2886 1433 2914 P.
1460 2884 1606 2914 Diomed.
1628 2884 1690 2913 330
1710 2883 1746 2918 P,
1800 2883 1855 2921 15)
1883 2892 1994 2920 super-

167 2942 257 2979 grad.
285 2943 314 2970 2.
381 2940 438 2981 16)
472 2941 593 2971 catinos
618 2942 726 2971 ferrae
750 2942 793 2971 M.
836 2943 979 2972 ostendit
1004 2942 1131 2971 MAR-2.
1166 2943 1234 2972 rell.
1262 2952 1321 2971 om.
1358 2942 1515 2979 periteque
1539 2944 1601 2970 ost.
1629 2940 1658 2968 2.
1700 2949 1793 2978 quam
1817 2939 1890 2968 MR.
1933 2949 1993 2969 om.

167 2998 196 3028 2.
223 2998 295 3026 edd.
322 2997 421 3036 quasi.
474 2999 529 3037 17)
554 2998 626 3028 Non
650 3003 834 3036 perpetuum
858 2999 1019 3036 epitheton
1036 2998 1203 3034 MR2,1·va.
1246 2998 1317 3027 Non
1342 3001 1495 3035 perpetuo
1521 2997 1661 3034 epitheto
1685 2995 1762 3031 th.
1803 2995 1994 3025 horrendum

166 3053 204 3083 R.
256 3054 311 3092 19)
336 3063 424 3083 mare
448 3051 567 3084 fretum
591 3055 762 3091 MR2‚1·va.
797 3064 883 3083 mare
910 3055 1016 3094 (Ac-r.)
1044 3065 1104 3084 om.
1132 3053 1208 3089 th.
1258 3054 1316 3093 20)
1343 3054 1496 3090 incipiunt
1518 3053 1664 3090 MR2,1-v.
1698 3052 1809 3089 incipit
1834 3051 1931 3086 ath.
1970 3055 1996 3079 et

166 3109 257 3147 libya
280 3109 352 3138 MR.
379 3110 447 3139 rell.
473 3121 492 3139 a
516 3112 616 3150 libya.
665 3111 723 3149 21)
750 3115 826 3140 tunc
851 3112 991 3141 tumidus
1008 3111 1154 3147 MR2‚1·v.
1180 3110 1317 3139 tumidus
1343 3114 1403 3139 tum
1428 3120 1498 3138 cum
1523 3109 1570 3138 fh.
1602 3109 1744 3138 tumidus
1770 3118 1839 3138 mun
1865 3118 1892 3138 a.
1926 3112 1994 3137 tur-

163 3165 259 3203 [sidus
283 3169 343 3195 tum
365 3175 430 3195 cnm
453 3168 552 3196 tacite
578 3167 692 3196 inculc.
719 3166 760 3202 Q.
827 3168 883 3206 23)
909 3167 980 3197 dicit
1004 3177 1073 3197 esse
1098 3167 1128 3196 2.
1190 3165 1247 3204 24)
1274 3176 1339 3195 cnm
1364 3165 1415 3195 eff.
1441 3164 1487 3195 fh.
1514 3166 1584 3196 rell.
1610 3175 1671 3195 om.
1697 3183 1738 3186 -ψ
1763 3175 1852 3203 quum
1876 3162 1922 3203 (P)
1948 3163 1992 3192 M.

171 3221 223 3258 qffi
241 3236 284 3249 z
301 3222 451 3259 quoniam
477 3232 504 3253 a.
541 3223 611 3253 rell.
638 3223 800 3261 quoniam.
842 3227 980 3261 praestet
1003 3225 1033 3253 2.
