<?xml version="1.0" encoding="UTF-8"?>
<!DOCTYPE html PUBLIC "-//W3C//DTD XHTML 1.0 Transitional//EN"
    "http://www.w3.org/TR/xhtml1/DTD/xhtml1-transitional.dtd">
<html xmlns="http://www.w3.org/1999/xhtml" xml:lang="en" lang="en">
 <head>
  <title>
</title>
<meta http-equiv="Content-Type" content="text/html;charset=utf-8" />
  <meta name='ocr-system' content='tesseract 3.04.00' />
  <meta name='ocr-capabilities' content='ocr_page ocr_carea ocr_par ocr_line ocrx_word'/>
</head>
<body>
  <div class='ocr_page' id='page_1' title='image "acronisetporphyr01pseuuoft_0386.png"; bbox 0 0 2283 3535; ppageno 0'>
   <div class='ocr_carea' id='block_1_1' title="bbox 299 190 1486 230">
    <p class='ocr_par' dir='ltr' id='par_1_1' title="bbox 299 190 1486 230">
     <span class='ocr_line' id='line_1_1' title="bbox 299 190 1486 230; baseline -0.002 0"><span class='ocrx_word' id='word_1_1' title='bbox 299 190 381 230; x_wconf 80' lang='lat'>360</span> <span class='ocrx_word' id='word_1_2' title='bbox 927 198 1032 230; x_wconf 84' lang='lat' dir='ltr'>ACR.</span> <span class='ocrx_word' id='word_1_3' title='bbox 1058 198 1118 229; x_wconf 85' lang='lat' dir='ltr'>ET</span> <span class='ocrx_word' id='word_1_4' title='bbox 1143 197 1311 230; x_wconf 81' lang='lat' dir='ltr'>PORPH.</span> <span class='ocrx_word' id='word_1_5' title='bbox 1338 196 1486 229; x_wconf 87' lang='lat' dir='ltr'>COMM.</span> 
     </span>
    </p>
   </div>
   <div class='ocr_carea' id='block_1_2' title="bbox 228 318 2130 1555">
    <p class='ocr_par' dir='ltr' id='par_1_2' title="bbox 297 318 2130 598">
     <span class='ocr_line' id='line_1_2' title="bbox 413 318 2128 376; baseline -0.003 -11"><span class='ocrx_word' id='word_1_6' title='bbox 413 324 451 365; x_wconf 86' lang='lat'>3.</span> <span class='ocrx_word' id='word_1_7' title='bbox 485 337 613 364; x_wconf 78' lang='lat' dir='ltr'>arma.</span> <span class='ocrx_word' id='word_1_8' title='bbox 672 320 790 363; x_wconf 83' lang='lat' dir='ltr'>Bene</span> <span class='ocrx_word' id='word_1_9' title='bbox 812 321 1010 363; x_wconf 81' lang='lat' dir='ltr'>amatoris</span> <span class='ocrx_word' id='word_1_10' title='bbox 1031 336 1149 362; x_wconf 87' lang='lat' dir='ltr'>arma</span> <span class='ocrx_word' id='word_1_11' title='bbox 1169 320 1304 376; x_wconf 85' lang='lat' dir='ltr'>lyram</span> <span class='ocrx_word' id='word_1_12' title='bbox 1326 320 1443 360; x_wconf 85' lang='lat' dir='ltr'>dixit.</span> <span class='ocrx_word' id='word_1_13' title='bbox 1490 320 1821 376; x_wconf 79' lang='lat' dir='ltr'><em>Defunctumque.</em></span> <span class='ocrx_word' id='word_1_14' title='bbox 1860 318 2128 361; x_wconf 79' lang='lat' dir='ltr'>Absolutum.</span> 
     </span>
     <span class='ocr_line' id='line_1_3' title="bbox 415 392 2127 449; baseline -0.002 -12"><span class='ocrx_word' id='word_1_15' title='bbox 415 398 452 438; x_wconf 87' lang='lat'>3.</span> <span class='ocrx_word' id='word_1_16' title='bbox 484 398 522 436; x_wconf 86' lang='lat'>4.</span> <span class='ocrx_word' id='word_1_17' title='bbox 556 397 750 437; x_wconf 71' lang='lat' dir='ltr'>marinae.</span> <span class='ocrx_word' id='word_1_18' title='bbox 810 394 925 436; x_wconf 86' lang='lat' dir='ltr'>Mari</span> <span class='ocrx_word' id='word_1_19' title='bbox 946 401 1062 436; x_wconf 87' lang='lat' dir='ltr'>ortae</span> <span class='ocrx_word' id='word_1_20' title='bbox 1093 402 1138 435; x_wconf 90' lang='lat' dir='ltr'>ut</span> <span class='ocrx_word' id='word_1_21' title='bbox 1168 392 1242 447; x_wconf 87' lang='lat' dir='ltr'>(A.</span> <span class='ocrx_word' id='word_1_22' title='bbox 1264 393 1319 444; x_wconf 88' lang='lat' dir='ltr'>V,</span> <span class='ocrx_word' id='word_1_23' title='bbox 1343 393 1465 449; x_wconf 76' lang='lat'>800):</span> <span class='ocrx_word' id='word_1_24' title='bbox 1514 392 1614 449; x_wconf 81' lang='lat' dir='ltr'>[Fas</span> <span class='ocrx_word' id='word_1_25' title='bbox 1645 409 1756 437; x_wconf 80' lang='lat' dir='ltr'>omne</span> <span class='ocrx_word' id='word_1_26' title='bbox 1788 402 1856 443; x_wconf 84' lang='lat' dir='ltr'>est,</span> <span class='ocrx_word' id='word_1_27' title='bbox 1901 392 2127 449; x_wconf 77' lang='lat' dir='ltr'>Cytherea,]</span> 
     </span>
     <span class='ocr_line' id='line_1_4' title="bbox 297 465 2130 525; baseline -0.003 -14"><span class='ocrx_word' id='word_1_28' title='bbox 297 472 392 511; x_wconf 73' lang='lat' dir='ltr'>meis</span> <span class='ocrx_word' id='word_1_29' title='bbox 423 478 456 511; x_wconf 82' lang='lat' dir='ltr'>te</span> <span class='ocrx_word' id='word_1_30' title='bbox 483 469 607 525; x_wconf 77' lang='lat' dir='ltr'>fidere</span> <span class='ocrx_word' id='word_1_31' title='bbox 637 471 783 524; x_wconf 69' lang='lat' dir='ltr'>requis,</span> <span class='ocrx_word' id='word_1_32' title='bbox 838 469 943 509; x_wconf 74' lang='lat' dir='ltr'>Vnde</span> <span class='ocrx_word' id='word_1_33' title='bbox 972 483 1097 523; x_wconf 67' lang='lat' dir='ltr'>yse-uus</span> <span class='ocrx_word' id='word_1_34' title='bbox 1136 469 1260 509; x_wconf 77' lang='lat' dir='ltr'>ducis.</span> <span class='ocrx_word' id='word_1_35' title='bbox 1336 466 1498 523; x_wconf 81' lang='lat' dir='ltr'>[Atque</span> <span class='ocrx_word' id='word_1_36' title='bbox 1534 467 1630 509; x_wconf 90' lang='lat' dir='ltr'>ideo</span> <span class='ocrx_word' id='word_1_37' title='bbox 1667 468 1884 523; x_wconf 75' lang='lat' dir='ltr'><em>Aphrodite</em></span> <span class='ocrx_word' id='word_1_38' title='bbox 1919 473 1980 508; x_wconf 86' lang='lat' dir='ltr'>est</span> <span class='ocrx_word' id='word_1_39' title='bbox 2018 465 2130 507; x_wconf 87' lang='lat' dir='ltr'>dieta</span> 
     </span>
     <span class='ocr_line' id='line_1_5' title="bbox 299 539 2129 598; baseline -0.002 -15"><span class='ocrx_word' id='word_1_40' title='bbox 299 543 379 583; x_wconf 80' lang='grc' dir='ltr'>ἀπὸ</span> <span class='ocrx_word' id='word_1_41' title='bbox 411 546 481 583; x_wconf 73' lang='grc' dir='ltr'>τοῦ</span> <span class='ocrx_word' id='word_1_42' title='bbox 516 543 665 598; x_wconf 75' lang='grc' dir='ltr'>ἀφροῦ,</span> <span class='ocrx_word' id='word_1_43' title='bbox 697 542 741 583; x_wconf 87' lang='lat' dir='ltr'>id</span> <span class='ocrx_word' id='word_1_44' title='bbox 772 548 845 592; x_wconf 84' lang='lat' dir='ltr'>est,</span> <span class='ocrx_word' id='word_1_45' title='bbox 878 557 902 582; x_wconf 85' lang='lat' dir='ltr'>a</span> <span class='ocrx_word' id='word_1_46' title='bbox 933 541 1122 597; x_wconf 81' lang='lat' dir='ltr'>spuma3]</span> <span class='ocrx_word' id='word_1_47' title='bbox 1157 550 1196 582; x_wconf 87' lang='lat' dir='ltr'>et</span> <span class='ocrx_word' id='word_1_48' title='bbox 1227 547 1286 582; x_wconf 89' lang='lat' dir='ltr'>est</span> <span class='ocrx_word' id='word_1_49' title='bbox 1318 540 1443 581; x_wconf 87' lang='lat' dir='ltr'>ordo:</span> <span class='ocrx_word' id='word_1_50' title='bbox 1477 539 1564 592; x_wconf 84' lang='lat' dir='ltr'>Qui</span> <span class='ocrx_word' id='word_1_51' title='bbox 1595 539 1735 594; x_wconf 87' lang='lat' dir='ltr'>paries</span> <span class='ocrx_word' id='word_1_52' title='bbox 1755 539 1920 580; x_wconf 88' lang='lat' dir='ltr'>laevum</span> <span class='ocrx_word' id='word_1_53' title='bbox 1941 539 2129 580; x_wconf 87' lang='lat' dir='ltr'>marinae</span> 
     </span>
    </p>

    <p class='ocr_par' dir='ltr' id='par_1_3' title="bbox 230 611 2129 669">
     <span class='ocr_line' id='line_1_6' title="bbox 230 611 2129 669; baseline -0.002 -14"><span class='ocrx_word' id='word_1_54' title='bbox 230 635 247 655; x_wconf 70' lang='lat'>.›</span> <span class='ocrx_word' id='word_1_55' title='bbox 298 615 479 658; x_wconf 89' lang='lat' dir='ltr'>Veneris</span> <span class='ocrx_word' id='word_1_56' title='bbox 509 615 617 658; x_wconf 88' lang='lat' dir='ltr'>latus</span> <span class='ocrx_word' id='word_1_57' title='bbox 649 615 840 665; x_wconf 85' lang='lat' dir='ltr'>custodit,</span> <span class='ocrx_word' id='word_1_58' title='bbox 888 615 976 669; x_wconf 87' lang='lat' dir='ltr'>(hie</span> <span class='ocrx_word' id='word_1_59' title='bbox 1006 629 1117 656; x_wconf 87' lang='lat' dir='ltr'>nune</span> <span class='ocrx_word' id='word_1_60' title='bbox 1154 613 1328 655; x_wconf 80' lang='lat' dir='ltr'>habebit</span> <span class='ocrx_word' id='word_1_61' title='bbox 1364 629 1482 654; x_wconf 86' lang='lat' dir='ltr'>arma</span> <span class='ocrx_word' id='word_1_62' title='bbox 1518 613 1844 668; x_wconf 85' lang='lat' dir='ltr'>defunctumque</span> <span class='ocrx_word' id='word_1_63' title='bbox 1883 612 1994 654; x_wconf 89' lang='lat' dir='ltr'>bello</span> <span class='ocrx_word' id='word_1_64' title='bbox 2030 611 2129 653; x_wconf 86' lang='lat' dir='ltr'>bar-</span> 
     </span>
    </p>

    <p class='ocr_par' dir='ltr' id='par_1_4' title="bbox 295 687 2129 964">
     <span class='ocr_line' id='line_1_7' title="bbox 297 687 1667 746; baseline -0.003 -15"><span class='ocrx_word' id='word_1_65' title='bbox 297 689 461 746; x_wconf 74' lang='lat' dir='ltr'>bit0n?)</span> <span class='ocrx_word' id='word_1_66' title='bbox 495 689 608 744; x_wconf 90' lang='lat' dir='ltr'>quod</span> <span class='ocrx_word' id='word_1_67' title='bbox 638 704 714 744; x_wconf 90' lang='lat' dir='ltr'>per</span> <span class='ocrx_word' id='word_1_68' title='bbox 744 689 823 729; x_wconf 88' lang='grc'><strong>1100</strong></span> <span class='ocrx_word' id='word_1_69' title='bbox 854 688 897 728; x_wconf 86' lang='grc'>111</span> <span class='ocrx_word' id='word_1_70' title='bbox 929 687 1098 728; x_wconf 86' lang='lat' dir='ltr'>sinistra</span> <span class='ocrx_word' id='word_1_71' title='bbox 1126 694 1246 742; x_wconf 85' lang='lat' dir='ltr'>parte</span> <span class='ocrx_word' id='word_1_72' title='bbox 1277 687 1424 742; x_wconf 83' lang='lat' dir='ltr'>templi</span> <span class='ocrx_word' id='word_1_73' title='bbox 1455 687 1667 741; x_wconf 80' lang='lat' dir='ltr'>pendebit.</span> 
     </span>
     <span class='ocr_line' id='line_1_8' title="bbox 413 760 1886 818; baseline -0.003 -14"><span class='ocrx_word' id='word_1_74' title='bbox 413 765 448 804; x_wconf 85' lang='lat'>7.</span> <span class='ocrx_word' id='word_1_75' title='bbox 480 764 652 818; x_wconf 72' lang='lat' dir='ltr'>funalia.</span> <span class='ocrx_word' id='word_1_76' title='bbox 712 762 867 812; x_wconf 87' lang='lat' dir='ltr'>Funes,</span> <span class='ocrx_word' id='word_1_77' title='bbox 900 761 1052 816; x_wconf 88' lang='lat' dir='ltr'>quibus</span> <span class='ocrx_word' id='word_1_78' title='bbox 1081 760 1306 801; x_wconf 86' lang='lat' dir='ltr'>luminaria</span> <span class='ocrx_word' id='word_1_79' title='bbox 1337 760 1538 815; x_wconf 82' lang='lat' dir='ltr'>suspendi</span> <span class='ocrx_word' id='word_1_80' title='bbox 1570 766 1886 801; x_wconf 82' lang='lat' dir='ltr'>consueuerant.</span> 
     </span>
     <span class='ocr_line' id='line_1_9' title="bbox 409 831 2129 888; baseline -0.002 -11"><span class='ocrx_word' id='word_1_81' title='bbox 409 846 444 878; x_wconf 83' lang='lat' dir='ltr'>et</span> <span class='ocrx_word' id='word_1_82' title='bbox 482 846 611 878; x_wconf 71' lang='lat' dir='ltr'>nectes</span> <span class='ocrx_word' id='word_1_83' title='bbox 649 845 682 877; x_wconf 84' lang='lat' dir='ltr'>et</span> <span class='ocrx_word' id='word_1_84' title='bbox 719 850 855 878; x_wconf 79' lang='lat' dir='ltr'>arcus.</span> <span class='ocrx_word' id='word_1_85' title='bbox 929 834 1051 876; x_wconf 87' lang='lat' dir='ltr'>Haec</span> <span class='ocrx_word' id='word_1_86' title='bbox 1091 834 1368 875; x_wconf 84' lang='lat' dir='ltr'>instrumenta</span> <span class='ocrx_word' id='word_1_87' title='bbox 1406 833 1560 875; x_wconf 81' lang='lat' dir='ltr'>amoris</span> <span class='ocrx_word' id='word_1_88' title='bbox 1597 833 1687 874; x_wconf 86' lang='lat' dir='ltr'>uult</span> <span class='ocrx_word' id='word_1_89' title='bbox 1726 832 1930 888; x_wconf 80' lang='lat' dir='ltr'>intellegi,</span> <span class='ocrx_word' id='word_1_90' title='bbox 1977 831 2129 887; x_wconf 85' lang='lat' dir='ltr'>quibus</span> 
     </span>
     <span class='ocr_line' id='line_1_10' title="bbox 295 907 1754 964; baseline -0.002 -14"><span class='ocrx_word' id='word_1_91' title='bbox 295 910 424 951; x_wconf 86' lang='lat' dir='ltr'>fastus</span> <span class='ocrx_word' id='word_1_92' title='bbox 455 909 691 964; x_wconf 82' lang='lat' dir='ltr'>puellarum</span> <span class='ocrx_word' id='word_1_93' title='bbox 723 908 1079 951; x_wconf 79' lang='lat' dir='ltr'>contemnentium</span> <span class='ocrx_word' id='word_1_94' title='bbox 1110 909 1236 949; x_wconf 86' lang='lat' dir='ltr'>etiam</span> <span class='ocrx_word' id='word_1_95' title='bbox 1267 922 1343 962; x_wconf 87' lang='lat' dir='ltr'>per</span> <span class='ocrx_word' id='word_1_96' title='bbox 1373 907 1460 948; x_wconf 89' lang='lat' dir='ltr'>uim</span> <span class='ocrx_word' id='word_1_97' title='bbox 1492 914 1754 962; x_wconf 81' lang='lat' dir='ltr'>superantur.</span> 
     </span>
    </p>

    <p class='ocr_par' dir='ltr' id='par_1_5' title="bbox 230 979 2128 1186">
     <span class='ocr_line' id='line_1_11' title="bbox 230 979 2128 1039; baseline -0.001 -16"><span class='ocrx_word' id='word_1_98' title='bbox 230 992 270 1023; x_wconf 82' lang='grc'>10</span> <span class='ocrx_word' id='word_1_99' title='bbox 410 984 446 1024; x_wconf 82' lang='grc'>9.</span> <span class='ocrx_word' id='word_1_100' title='bbox 480 999 501 1025; x_wconf 92' lang='lat'><em>0</em></span> <span class='ocrx_word' id='word_1_101' title='bbox 533 999 629 1039; x_wconf 79' lang='lat' dir='ltr'>quae</span> <span class='ocrx_word' id='word_1_102' title='bbox 660 984 694 1024; x_wconf 80' lang='lat' dir='ltr'>b.</span> <span class='ocrx_word' id='word_1_103' title='bbox 727 984 763 1024; x_wconf 79' lang='lat' dir='ltr'>d.</span> <span class='ocrx_word' id='word_1_104' title='bbox 796 991 898 1024; x_wconf 72' lang='lat' dir='ltr'>tenes</span> <span class='ocrx_word' id='word_1_105' title='bbox 929 982 967 1023; x_wconf 88' lang='lat' dir='ltr'>C.</span> <span class='ocrx_word' id='word_1_106' title='bbox 1028 981 1079 1022; x_wconf 88' lang='lat' dir='ltr'>In</span> <span class='ocrx_word' id='word_1_107' title='bbox 1112 979 1258 1036; x_wconf 84' lang='lat' dir='ltr'>Cypro</span> <span class='ocrx_word' id='word_1_108' title='bbox 1290 980 1401 1021; x_wconf 87' lang='lat' dir='ltr'>enim</span> <span class='ocrx_word' id='word_1_109' title='bbox 1438 981 1575 1022; x_wconf 87' lang='lat' dir='ltr'>insula</span> <span class='ocrx_word' id='word_1_110' title='bbox 1605 980 1752 1022; x_wconf 87' lang='lat' dir='ltr'>Venus</span> <span class='ocrx_word' id='word_1_111' title='bbox 1789 980 2028 1035; x_wconf 84' lang='lat' dir='ltr'>specialiter</span> <span class='ocrx_word' id='word_1_112' title='bbox 2058 994 2128 1021; x_wconf 87' lang='grc'>00-</span> 
     </span>
     <span class='ocr_line' id='line_1_12' title="bbox 293 1052 2127 1110; baseline -0.002 -13"><span class='ocrx_word' id='word_1_113' title='bbox 293 1055 405 1106; x_wconf 87' lang='lat' dir='ltr'>litur,</span> <span class='ocrx_word' id='word_1_114' title='bbox 439 1055 631 1097; x_wconf 86' lang='lat' dir='ltr'>similiter</span> <span class='ocrx_word' id='word_1_115' title='bbox 662 1062 702 1097; x_wconf 84' lang='lat' dir='ltr'>et</span> <span class='ocrx_word' id='word_1_116' title='bbox 733 1055 846 1110; x_wconf 87' lang='lat' dir='ltr'>apud</span> <span class='ocrx_word' id='word_1_117' title='bbox 876 1054 1114 1110; x_wconf 87' lang='lat' dir='ltr'>Memphim</span> <span class='ocrx_word' id='word_1_118' title='bbox 1144 1054 1188 1095; x_wconf 90' lang='lat' dir='ltr'>in</span> <span class='ocrx_word' id='word_1_119' title='bbox 1209 1052 1425 1110; x_wconf 86' lang='lat' dir='ltr'>Aegypto,</span> <span class='ocrx_word' id='word_1_120' title='bbox 1463 1069 1587 1109; x_wconf 87' lang='lat' dir='ltr'>quam</span> <span class='ocrx_word' id='word_1_121' title='bbox 1610 1053 1706 1095; x_wconf 89' lang='lat' dir='ltr'>ideo</span> <span class='ocrx_word' id='word_1_122' title='bbox 1739 1068 1877 1095; x_wconf 76' lang='lat' dir='ltr'>curere</span> <span class='ocrx_word' id='word_1_123' title='bbox 1896 1056 1988 1095; x_wconf 72' lang='lat' dir='ltr'>uiue</span> <span class='ocrx_word' id='word_1_124' title='bbox 2009 1053 2127 1103; x_wconf 80' lang='lat' dir='ltr'>dixit,</span> 
     </span>
     <span class='ocr_line' id='line_1_13' title="bbox 299 1129 819 1186; baseline 0 -16"><span class='ocrx_word' id='word_1_125' title='bbox 299 1129 397 1184; x_wconf 89' lang='lat' dir='ltr'>quia</span> <span class='ocrx_word' id='word_1_126' title='bbox 428 1129 566 1171; x_wconf 86' lang='lat' dir='ltr'>calida</span> <span class='ocrx_word' id='word_1_127' title='bbox 596 1129 716 1186; x_wconf 85' lang='lat' dir='ltr'>regio</span> <span class='ocrx_word' id='word_1_128' title='bbox 747 1136 819 1171; x_wconf 86' lang='lat' dir='ltr'>est.</span> 
     </span>
    </p>

    <p class='ocr_par' dir='ltr' id='par_1_6' title="bbox 302 1199 2127 1333">
     <span class='ocr_line' id='line_1_14' title="bbox 408 1199 2127 1257; baseline -0.002 -13"><span class='ocrx_word' id='word_1_129' title='bbox 408 1205 472 1245; x_wconf 89' lang='grc'>10.</span> <span class='ocrx_word' id='word_1_130' title='bbox 504 1203 685 1245; x_wconf 70' lang='lat' dir='ltr'>Sithonia</span> <span class='ocrx_word' id='word_1_131' title='bbox 715 1204 820 1245; x_wconf 80' lang='lat' dir='ltr'>m’ue.</span> <span class='ocrx_word' id='word_1_132' title='bbox 887 1201 930 1242; x_wconf 85' lang='lat' dir='ltr'>A</span> <span class='ocrx_word' id='word_1_133' title='bbox 960 1201 1181 1257; x_wconf 84' lang='lat' dir='ltr'>prouincia</span> <span class='ocrx_word' id='word_1_134' title='bbox 1210 1216 1364 1243; x_wconf 89' lang='lat' dir='ltr'>nomen</span> <span class='ocrx_word' id='word_1_135' title='bbox 1394 1200 1562 1242; x_wconf 90' lang='lat' dir='ltr'>niuibus</span> <span class='ocrx_word' id='word_1_136' title='bbox 1594 1200 1722 1251; x_wconf 83' lang='lat' dir='ltr'>dedit,</span> <span class='ocrx_word' id='word_1_137' title='bbox 1768 1208 1813 1242; x_wconf 87' lang='lat' dir='ltr'>ut</span> <span class='ocrx_word' id='word_1_138' title='bbox 1843 1199 1912 1255; x_wconf 90' lang='lat' dir='ltr'>(B.</span> <span class='ocrx_word' id='word_1_139' title='bbox 1944 1199 2004 1251; x_wconf 89' lang='lat' dir='ltr'>X,</span> <span class='ocrx_word' id='word_1_140' title='bbox 2029 1200 2127 1256; x_wconf 84' lang='lat'>66):</span> 
     </span>
     <span class='ocr_line' id='line_1_15' title="bbox 302 1277 1347 1333; baseline -0.002 -15"><span class='ocrx_word' id='word_1_141' title='bbox 302 1277 579 1333; x_wconf 66' lang='lat' dir='ltr'>Sithoniasque</span> <span class='ocrx_word' id='word_1_142' title='bbox 607 1278 721 1319; x_wconf 72' lang='lat' dir='ltr'>uiues</span> <span class='ocrx_word' id='word_1_143' title='bbox 752 1278 886 1318; x_wconf 69' lang='lat' dir='ltr'>hiemis</span> <span class='ocrx_word' id='word_1_144' title='bbox 918 1277 1131 1318; x_wconf 78' lang='lat' dir='ltr'>subeamus</span> <span class='ocrx_word' id='word_1_145' title='bbox 1163 1290 1347 1331; x_wconf 79' lang='lat' dir='ltr'>aquosae.</span> 
     </span>
    </p>

    <p class='ocr_par' dir='ltr' id='par_1_7' title="bbox 228 1347 2128 1555">
     <span class='ocr_line' id='line_1_16' title="bbox 228 1347 2128 1407; baseline -0.002 -16"><span class='ocrx_word' id='word_1_146' title='bbox 228 1362 268 1392; x_wconf 77' lang='grc'>15</span> <span class='ocrx_word' id='word_1_147' title='bbox 410 1352 474 1391; x_wconf 93' lang='grc'>11.</span> <span class='ocrx_word' id='word_1_148' title='bbox 507 1351 670 1392; x_wconf 66' lang='lat' dir='ltr'>sublimi</span> <span class='ocrx_word' id='word_1_149' title='bbox 693 1351 735 1407; x_wconf 83' lang='lat' dir='ltr'>sl.</span> <span class='ocrx_word' id='word_1_150' title='bbox 793 1349 845 1390; x_wconf 92' lang='lat' dir='ltr'>In</span> <span class='ocrx_word' id='word_1_151' title='bbox 876 1349 1005 1391; x_wconf 88' lang='lat' dir='ltr'>altum</span> <span class='ocrx_word' id='word_1_152' title='bbox 1036 1349 1196 1391; x_wconf 80' lang='lat' dir='ltr'>sublato</span> <span class='ocrx_word' id='word_1_153' title='bbox 1227 1349 1325 1399; x_wconf 87' lang='lat' dir='ltr'>ictu,</span> <span class='ocrx_word' id='word_1_154' title='bbox 1359 1349 1470 1403; x_wconf 91' lang='lat' dir='ltr'>quod</span> <span class='ocrx_word' id='word_1_155' title='bbox 1500 1349 1558 1399; x_wconf 91' lang='lat' dir='ltr'>fit,</span> <span class='ocrx_word' id='word_1_156' title='bbox 1594 1349 1695 1389; x_wconf 87' lang='lat' dir='ltr'>dum</span> <span class='ocrx_word' id='word_1_157' title='bbox 1724 1348 1818 1403; x_wconf 87' lang='lat' dir='ltr'>quis</span> <span class='ocrx_word' id='word_1_158' title='bbox 1838 1347 2128 1389; x_wconf 88' lang='lat' dir='ltr'>uehementius</span> 
     </span>
     <span class='ocr_line' id='line_1_17' title="bbox 291 1421 2128 1479; baseline -0.002 -13"><span class='ocrx_word' id='word_1_159' title='bbox 291 1424 381 1466; x_wconf 91' lang='lat' dir='ltr'>uult</span> <span class='ocrx_word' id='word_1_160' title='bbox 410 1424 535 1466; x_wconf 85' lang='lat' dir='ltr'>ferire</span> <span class='ocrx_word' id='word_1_161' title='bbox 546 1441 556 1473; x_wconf 83' lang='lat'>3</span> <span class='ocrx_word' id='word_1_162' title='bbox 588 1431 627 1466; x_wconf 84' lang='lat' dir='ltr'>et</span> <span class='ocrx_word' id='word_1_163' title='bbox 657 1424 752 1465; x_wconf 88' lang='lat' dir='ltr'>ideo</span> <span class='ocrx_word' id='word_1_164' title='bbox 786 1422 962 1474; x_wconf 89' lang='lat' dir='ltr'>Chloen,</span> <span class='ocrx_word' id='word_1_165' title='bbox 996 1423 1094 1478; x_wconf 85' lang='lat' dir='ltr'>quia</span> <span class='ocrx_word' id='word_1_166' title='bbox 1124 1429 1186 1465; x_wconf 87' lang='lat' dir='ltr'>est</span> <span class='ocrx_word' id='word_1_167' title='bbox 1215 1423 1427 1479; x_wconf 80' lang='lat' dir='ltr'>adrogans</span> <span class='ocrx_word' id='word_1_168' title='bbox 1457 1437 1506 1464; x_wconf 86' lang='lat' dir='ltr'>ac</span> <span class='ocrx_word' id='word_1_169' title='bbox 1537 1421 1720 1478; x_wconf 88' lang='lat' dir='ltr'>superba</span> <span class='ocrx_word' id='word_1_170' title='bbox 1749 1421 2000 1472; x_wconf 87' lang='lat' dir='ltr'>amantibus,</span> <span class='ocrx_word' id='word_1_171' title='bbox 2032 1435 2128 1477; x_wconf 87' lang='lat' dir='ltr'>per-</span> 
     </span>
     <span class='ocr_line' id='line_1_18' title="bbox 292 1495 1632 1555; baseline -0.001 -16"><span class='ocrx_word' id='word_1_172' title='bbox 292 1498 381 1540; x_wconf 87' lang='lat' dir='ltr'>cuti</span> <span class='ocrx_word' id='word_1_173' title='bbox 410 1498 479 1540; x_wconf 91' lang='lat' dir='ltr'>uel</span> <span class='ocrx_word' id='word_1_174' title='bbox 508 1514 593 1540; x_wconf 87' lang='lat' dir='ltr'>una</span> <span class='ocrx_word' id='word_1_175' title='bbox 623 1497 745 1555; x_wconf 83' lang='lat' dir='ltr'>graui</span> <span class='ocrx_word' id='word_1_176' title='bbox 776 1497 879 1539; x_wconf 88' lang='lat' dir='ltr'>dicit</span> <span class='ocrx_word' id='word_1_177' title='bbox 909 1496 1063 1539; x_wconf 85' lang='lat' dir='ltr'>debere</span> <span class='ocrx_word' id='word_1_178' title='bbox 1094 1497 1249 1539; x_wconf 85' lang='lat' dir='ltr'>amoris</span> <span class='ocrx_word' id='word_1_179' title='bbox 1280 1497 1409 1553; x_wconf 84' lang='lat' dir='ltr'>plaga</span> <span class='ocrx_word' id='word_1_180' title='bbox 1439 1495 1632 1539; x_wconf 84' lang='lat' dir='ltr'>Venerei.</span> 
     </span>
    </p>
   </div>
   <div class='ocr_carea' id='block_1_3' title="bbox 1028 1627 1389 1671">
    <p class='ocr_par' dir='ltr' id='par_1_8' title="bbox 1028 1627 1389 1671">
     <span class='ocr_line' id='line_1_19' title="bbox 1028 1627 1389 1671; baseline 0 0"><span class='ocrx_word' id='word_1_181' title='bbox 1028 1627 1389 1671; x_wconf 87' lang='lat' dir='ltr'>PORPHYRION.</span> 
     </span>
    </p>
   </div>
   <div class='ocr_carea' id='block_1_4' title="bbox 226 1715 2128 1777">
    <p class='ocr_par' dir='ltr' id='par_1_9' title="bbox 226 1715 2128 1777">
     <span class='ocr_line' id='line_1_20' title="bbox 226 1715 2128 1777; baseline -0.002 -16"><span class='ocrx_word' id='word_1_182' title='bbox 226 1731 268 1762; x_wconf 75' lang='lat'>20</span> <span class='ocrx_word' id='word_1_183' title='bbox 416 1722 508 1763; x_wconf 67' lang='lat' dir='ltr'>Woez·</span> <span class='ocrx_word' id='word_1_184' title='bbox 526 1737 571 1777; x_wconf 79' lang='lat' dir='ltr'>p.</span> <span class='ocrx_word' id='word_1_185' title='bbox 602 1736 642 1762; x_wconf 77' lang='lat' dir='ltr'>u.</span> <span class='ocrx_word' id='word_1_186' title='bbox 672 1722 697 1761; x_wconf 64' lang='grc' dir='ltr'><strong>τ’.</strong></span> <span class='ocrx_word' id='word_1_187' title='bbox 771 1719 868 1761; x_wconf 87' lang='lat' dir='ltr'>Hae</span> <span class='ocrx_word' id='word_1_188' title='bbox 906 1719 985 1761; x_wconf 89' lang='lat' dir='ltr'>ode</span> <span class='ocrx_word' id='word_1_189' title='bbox 1022 1718 1189 1760; x_wconf 86' lang='lat' dir='ltr'>uidetur</span> <span class='ocrx_word' id='word_1_190' title='bbox 1226 1717 1310 1759; x_wconf 88' lang='lat' dir='ltr'>iam</span> <span class='ocrx_word' id='word_1_191' title='bbox 1349 1717 1589 1759; x_wconf 86' lang='lat' dir='ltr'>renuntiare</span> <span class='ocrx_word' id='word_1_192' title='bbox 1626 1715 1884 1759; x_wconf 84' lang='lat' dir='ltr'>carminibus</span> <span class='ocrx_word' id='word_1_193' title='bbox 1923 1723 1963 1757; x_wconf 87' lang='lat' dir='ltr'>et</span> <span class='ocrx_word' id='word_1_194' title='bbox 1992 1716 2128 1772; x_wconf 86' lang='lat' dir='ltr'>lyram</span> 
     </span>
    </p>
   </div>
   <div class='ocr_carea' id='block_1_5' title="bbox 292 1794 1847 1923">
    <p class='ocr_par' dir='ltr' id='par_1_10' title="bbox 292 1794 1847 1923">
     <span class='ocr_line' id='line_1_21' title="bbox 292 1794 1020 1837; baseline -0.004 0"><span class='ocrx_word' id='word_1_195' title='bbox 292 1809 539 1837; x_wconf 83' lang='lat' dir='ltr'>consecrare</span> <span class='ocrx_word' id='word_1_196' title='bbox 571 1802 610 1836; x_wconf 84' lang='lat' dir='ltr'>et</span> <span class='ocrx_word' id='word_1_197' title='bbox 641 1809 782 1835; x_wconf 88' lang='lat' dir='ltr'>amare</span> <span class='ocrx_word' id='word_1_198' title='bbox 814 1794 1020 1835; x_wconf 86' lang='lat' dir='ltr'>desinere.</span> 
     </span>
     <span class='ocr_line' id='line_1_22' title="bbox 349 1865 1847 1923; baseline -0.003 -12"><span class='ocrx_word' id='word_1_199' title='bbox 349 1871 385 1910; x_wconf 98' lang='grc'>2.</span> <span class='ocrx_word' id='word_1_200' title='bbox 420 1878 455 1911; x_wconf 80' lang='lat' dir='ltr'>et</span> <span class='ocrx_word' id='word_1_201' title='bbox 484 1869 568 1911; x_wconf 71' lang='lat' dir='ltr'>mil.</span> <span class='ocrx_word' id='word_1_202' title='bbox 599 1884 638 1910; x_wconf 77' lang='grc' dir='ltr'>η.</span> <span class='ocrx_word' id='word_1_203' title='bbox 669 1884 699 1910; x_wconf 85' lang='lat' dir='ltr'>s.</span> <span class='ocrx_word' id='word_1_204' title='bbox 729 1869 783 1923; x_wconf 62' lang='lat' dir='ltr'>psl.</span> <span class='ocrx_word' id='word_1_205' title='bbox 844 1865 1116 1923; x_wconf 85' lang='lat' dir='ltr'>Allegorieos</span> <span class='ocrx_word' id='word_1_206' title='bbox 1147 1866 1340 1907; x_wconf 87' lang='lat' dir='ltr'>militiam</span> <span class='ocrx_word' id='word_1_207' title='bbox 1372 1880 1483 1908; x_wconf 88' lang='lat' dir='ltr'>nune</span> <span class='ocrx_word' id='word_1_208' title='bbox 1505 1880 1691 1907; x_wconf 87' lang='lat' dir='ltr'>amorem</span> <span class='ocrx_word' id='word_1_209' title='bbox 1711 1871 1847 1907; x_wconf 82' lang='lat' dir='ltr'>uocat.</span> 
     </span>
    </p>
   </div>
   <div class='ocr_carea' id='block_1_6' title="bbox 408 2071 2125 2115">
    <p class='ocr_par' dir='ltr' id='par_1_11' title="bbox 408 2071 2125 2115">
     <span class='ocr_line' id='line_1_23' title="bbox 408 2071 2125 2115; baseline -0.003 -10"><span class='ocrx_word' id='word_1_210' title='bbox 408 2076 440 2115; x_wconf 89' lang='lat'>1)</span> <span class='ocrx_word' id='word_1_211' title='bbox 467 2076 582 2106; x_wconf 68' lang='lat' dir='ltr'>camaris</span> <span class='ocrx_word' id='word_1_212' title='bbox 607 2085 695 2106; x_wconf 85' lang='lat' dir='ltr'>arma</span> <span class='ocrx_word' id='word_1_213' title='bbox 721 2074 806 2112; x_wconf 81' lang='lat' dir='ltr'>2C‚1·.</span> <span class='ocrx_word' id='word_1_214' title='bbox 833 2078 868 2104; x_wconf 88' lang='lat' dir='ltr'>ut</span> <span class='ocrx_word' id='word_1_215' title='bbox 893 2074 995 2104; x_wconf 81' lang='lat' dir='ltr'>infra:</span> <span class='ocrx_word' id='word_1_216' title='bbox 1022 2073 1218 2103; x_wconf 67' lang='lat' dir='ltr'>instrumenta</span> <span class='ocrx_word' id='word_1_217' title='bbox 1242 2073 1363 2103; x_wconf 64' lang='lat' dir='ltr'>canoris.</span> <span class='ocrx_word' id='word_1_218' title='bbox 1386 2091 1421 2093; x_wconf 43' lang='grc' dir='ltr'><em>ᾉ</em></span> <span class='ocrx_word' id='word_1_219' title='bbox 1443 2073 1627 2103; x_wconf 73' lang='lat' dir='ltr'>absolutum</span> <span class='ocrx_word' id='word_1_220' title='bbox 1654 2072 1710 2114; x_wconf 52' lang='lat' dir='ltr'>Ay.</span> <span class='ocrx_word' id='word_1_221' title='bbox 1737 2073 1806 2102; x_wconf 88' lang='lat' dir='ltr'>rell.</span> <span class='ocrx_word' id='word_1_222' title='bbox 1833 2082 1892 2102; x_wconf 92' lang='lat' dir='ltr'>om.</span> <span class='ocrx_word' id='word_1_223' title='bbox 1943 2071 1978 2110; x_wconf 84' lang='grc'>2)</span> <span class='ocrx_word' id='word_1_224' title='bbox 2005 2072 2078 2101; x_wconf 76' lang='lat' dir='ltr'>Fas.</span> <span class='ocrx_word' id='word_1_225' title='bbox 2098 2081 2125 2101; x_wconf 92' lang='lat' dir='ltr'>o.</span> 
     </span>
    </p>
   </div>
   <div class='ocr_carea' id='block_1_7' title="bbox 289 2129 2126 2285">
    <p class='ocr_par' dir='ltr' id='par_1_12' title="bbox 289 2129 2126 2285">
     <span class='ocr_line' id='line_1_24' title="bbox 292 2129 2126 2174; baseline -0.003 -12"><span class='ocrx_word' id='word_1_226' title='bbox 292 2132 390 2172; x_wconf 81' lang='lat' dir='ltr'>Cyth.</span> <span class='ocrx_word' id='word_1_227' title='bbox 417 2143 477 2162; x_wconf 86' lang='lat' dir='ltr'>om.</span> <span class='ocrx_word' id='word_1_228' title='bbox 503 2133 610 2174; x_wconf 67' lang='lat' dir='ltr'>A-s2‚1·.</span> <span class='ocrx_word' id='word_1_229' title='bbox 672 2133 706 2171; x_wconf 86' lang='lat'>3)</span> <span class='ocrx_word' id='word_1_230' title='bbox 735 2132 834 2161; x_wconf 85' lang='lat' dir='ltr'>fidere</span> <span class='ocrx_word' id='word_1_231' title='bbox 871 2141 956 2161; x_wconf 88' lang='lat' dir='ltr'>omn.</span> <span class='ocrx_word' id='word_1_232' title='bbox 984 2131 1071 2160; x_wconf 86' lang='lat' dir='ltr'>libri.</span> <span class='ocrx_word' id='word_1_233' title='bbox 1109 2130 1233 2160; x_wconf 66' lang='lat' dir='ltr'>credere</span> <span class='ocrx_word' id='word_1_234' title='bbox 1260 2130 1344 2169; x_wconf 65' lang='lat' dir='ltr'>(G‘2)</span> <span class='ocrx_word' id='word_1_235' title='bbox 1385 2131 1501 2159; x_wconf 85' lang='lat' dir='ltr'>inculc.</span> <span class='ocrx_word' id='word_1_236' title='bbox 1529 2130 1568 2165; x_wconf 88' lang='lat' dir='ltr'>Q.</span> <span class='ocrx_word' id='word_1_237' title='bbox 1629 2131 1665 2169; x_wconf 82' lang='lat'>4)</span> <span class='ocrx_word' id='word_1_238' title='bbox 1691 2129 1800 2168; x_wconf 85' lang='lat' dir='ltr'>Atque</span> <span class='ocrx_word' id='word_1_239' title='bbox 1837 2147 1880 2150; x_wconf 91' lang='lat'>—</span> <span class='ocrx_word' id='word_1_240' title='bbox 1917 2138 2029 2166; x_wconf 78' lang='lat' dir='ltr'>spuma</span> <span class='ocrx_word' id='word_1_241' title='bbox 2065 2138 2126 2157; x_wconf 89' lang='lat' dir='ltr'>om.</span> 
     </span>
     <span class='ocr_line' id='line_1_25' title="bbox 289 2185 2126 2230; baseline -0.003 -11"><span class='ocrx_word' id='word_1_242' title='bbox 289 2189 399 2230; x_wconf 65' lang='lat' dir='ltr'>A·fb‚r.</span> <span class='ocrx_word' id='word_1_243' title='bbox 438 2207 478 2210; x_wconf 89' lang='lat'><strong>—</strong></span> <span class='ocrx_word' id='word_1_244' title='bbox 517 2200 595 2219; x_wconf 81' lang='lat' dir='ltr'>mar.</span> <span class='ocrx_word' id='word_1_245' title='bbox 622 2189 701 2219; x_wconf 90' lang='lat' dir='ltr'>Ven.</span> <span class='ocrx_word' id='word_1_246' title='bbox 730 2189 811 2218; x_wconf 84' lang='lat' dir='ltr'>laen.</span> <span class='ocrx_word' id='word_1_247' title='bbox 838 2189 895 2217; x_wconf 82' lang='lat' dir='ltr'>lat.</span> <span class='ocrx_word' id='word_1_248' title='bbox 922 2186 1096 2222; x_wconf 84' lang='lat' dir='ltr'>mvcath.</span> <span class='ocrx_word' id='word_1_249' title='bbox 1147 2188 1181 2226; x_wconf 82' lang='lat'>5)</span> <span class='ocrx_word' id='word_1_250' title='bbox 1209 2188 1352 2217; x_wconf 83' lang='lat' dir='ltr'>custodit</span> <span class='ocrx_word' id='word_1_251' title='bbox 1371 2197 1408 2216; x_wconf 77' lang='lat' dir='ltr'>ac</span> <span class='ocrx_word' id='word_1_252' title='bbox 1420 2196 1480 2225; x_wconf 78' lang='lat' dir='ltr'>per</span> <span class='ocrx_word' id='word_1_253' title='bbox 1496 2187 1550 2216; x_wconf 78' lang='grc' dir='ltr'><em>Ῐιοο</em></span> <span class='ocrx_word' id='word_1_254' title='bbox 1569 2196 1652 2216; x_wconf 85' lang='lat' dir='ltr'>omn.</span> <span class='ocrx_word' id='word_1_255' title='bbox 1671 2187 1756 2216; x_wconf 87' lang='lat' dir='ltr'>libri.</span> <span class='ocrx_word' id='word_1_256' title='bbox 1808 2185 1842 2224; x_wconf 79' lang='lat'>7)</span> <span class='ocrx_word' id='word_1_257' title='bbox 1869 2185 1975 2214; x_wconf 78' lang='lat' dir='ltr'>Funes</span> <span class='ocrx_word' id='word_1_258' title='bbox 1996 2185 2126 2227; x_wconf 65' lang='lat' dir='ltr'>A7R12,</span> 
     </span>
     <span class='ocr_line' id='line_1_26' title="bbox 290 2242 2126 2285; baseline -0.003 -10"><span class='ocrx_word' id='word_1_259' title='bbox 290 2256 388 2276; x_wconf 74' lang='lat' dir='ltr'>rmvc.</span> <span class='ocrx_word' id='word_1_260' title='bbox 416 2247 528 2284; x_wconf 83' lang='lat' dir='ltr'>supple</span> <span class='ocrx_word' id='word_1_261' title='bbox 553 2246 600 2275; x_wconf 88' lang='lat' dir='ltr'>fh.</span> <span class='ocrx_word' id='word_1_262' title='bbox 629 2256 653 2275; x_wconf 88' lang='grc'>5.</span> <span class='ocrx_word' id='word_1_263' title='bbox 679 2260 723 2273; x_wconf 68' lang='grc' dir='ltr'>Ξ</span> <span class='ocrx_word' id='word_1_264' title='bbox 749 2245 874 2274; x_wconf 83' lang='lat' dir='ltr'>scilicet</span> <span class='ocrx_word' id='word_1_265' title='bbox 899 2254 927 2273; x_wconf 84' lang='lat' dir='ltr'>a.</span> <span class='ocrx_word' id='word_1_266' title='bbox 978 2244 1110 2273; x_wconf 83' lang='lat' dir='ltr'>Seholio</span> <span class='ocrx_word' id='word_1_267' title='bbox 1134 2253 1152 2285; x_wconf 78' lang='grc' dir='ltr'>γ</span> <span class='ocrx_word' id='word_1_268' title='bbox 1176 2244 1327 2282; x_wconf 82' lang='lat' dir='ltr'>adiungit</span> <span class='ocrx_word' id='word_1_269' title='bbox 1352 2244 1450 2273; x_wconf 85' lang='lat' dir='ltr'>haec:</span> <span class='ocrx_word' id='word_1_270' title='bbox 1487 2244 1545 2273; x_wconf 90' lang='lat' dir='ltr'>Vel</span> <span class='ocrx_word' id='word_1_271' title='bbox 1583 2243 1708 2273; x_wconf 83' lang='lat' dir='ltr'>funalia</span> <span class='ocrx_word' id='word_1_272' title='bbox 1744 2246 1819 2272; x_wconf 80' lang='lat' dir='ltr'>sunt</span> <span class='ocrx_word' id='word_1_273' title='bbox 1857 2243 2005 2280; x_wconf 83' lang='lat' dir='ltr'>propriae</span> <span class='ocrx_word' id='word_1_274' title='bbox 2035 2242 2126 2270; x_wconf 85' lang='lat' dir='ltr'>funes</span> 
     </span>
    </p>
   </div>
   <div class='ocr_carea' id='block_1_8' title="bbox 288 2300 2126 3247">
    <p class='ocr_par' dir='ltr' id='par_1_13' title="bbox 288 2300 2126 3133">
     <span class='ocr_line' id='line_1_27' title="bbox 289 2300 2126 2342; baseline -0.003 -10"><span class='ocrx_word' id='word_1_275' title='bbox 289 2312 444 2332; x_wconf 79' lang='lat' dir='ltr'>cereorum</span> <span class='ocrx_word' id='word_1_276' title='bbox 469 2303 523 2341; x_wconf 89' lang='lat' dir='ltr'>qui</span> <span class='ocrx_word' id='word_1_277' title='bbox 550 2304 765 2332; x_wconf 79' lang='lat' dir='ltr'>succebantur</span> <span class='ocrx_word' id='word_1_278' title='bbox 790 2301 826 2342; x_wconf 88' lang='lat'>(1.</span> <span class='ocrx_word' id='word_1_279' title='bbox 854 2300 1148 2338; x_wconf 80' lang='lat' dir='ltr'>succendebantur)</span> <span class='ocrx_word' id='word_1_280' title='bbox 1177 2302 1209 2329; x_wconf 94' lang='lat' dir='ltr'>in</span> <span class='ocrx_word' id='word_1_281' title='bbox 1234 2301 1370 2338; x_wconf 80' lang='lat' dir='ltr'>nuptiis.</span> <span class='ocrx_word' id='word_1_282' title='bbox 1397 2310 1452 2338; x_wconf 85' lang='lat' dir='ltr'>per</span> <span class='ocrx_word' id='word_1_283' title='bbox 1478 2311 1538 2339; x_wconf 84' lang='lat' dir='ltr'>que</span> <span class='ocrx_word' id='word_1_284' title='bbox 1565 2300 1712 2338; x_wconf 83' lang='lat' dir='ltr'>intellegi</span> <span class='ocrx_word' id='word_1_285' title='bbox 1738 2300 1843 2329; x_wconf 80' lang='lat' dir='ltr'>voluit</span> <span class='ocrx_word' id='word_1_286' title='bbox 1868 2300 2014 2329; x_wconf 83' lang='lat' dir='ltr'>ardorem</span> <span class='ocrx_word' id='word_1_287' title='bbox 2040 2308 2126 2328; x_wconf 86' lang='lat' dir='ltr'>amo-</span> 
     </span>
     <span class='ocr_line' id='line_1_28' title="bbox 290 2356 2125 2396; baseline -0.002 -8"><span class='ocrx_word' id='word_1_288' title='bbox 290 2360 345 2389; x_wconf 82' lang='lat' dir='ltr'>ris.</span> <span class='ocrx_word' id='word_1_289' title='bbox 372 2361 409 2389; x_wconf 90' lang='lat' dir='ltr'>b:</span> <span class='ocrx_word' id='word_1_290' title='bbox 438 2359 560 2389; x_wconf 85' lang='lat' dir='ltr'>funalia</span> <span class='ocrx_word' id='word_1_291' title='bbox 578 2360 730 2388; x_wconf 82' lang='lat' dir='ltr'>(licuntur</span> <span class='ocrx_word' id='word_1_292' title='bbox 747 2359 843 2395; x_wconf 85' lang='lat' dir='ltr'>cerei,</span> <span class='ocrx_word' id='word_1_293' title='bbox 870 2359 946 2396; x_wconf 79' lang='lat' dir='ltr'>quia</span> <span class='ocrx_word' id='word_1_294' title='bbox 972 2368 1012 2387; x_wconf 83' lang='lat' dir='ltr'>ex</span> <span class='ocrx_word' id='word_1_295' title='bbox 1031 2358 1166 2387; x_wconf 75' lang='lat' dir='ltr'>funibus</span> <span class='ocrx_word' id='word_1_296' title='bbox 1185 2367 1255 2386; x_wconf 86' lang='lat' dir='ltr'>cera</span> <span class='ocrx_word' id='word_1_297' title='bbox 1275 2358 1366 2387; x_wconf 84' lang='lat' dir='ltr'>obliti</span> <span class='ocrx_word' id='word_1_298' title='bbox 1387 2358 1467 2386; x_wconf 85' lang='lat' dir='ltr'>fiunt</span> <span class='ocrx_word' id='word_1_299' title='bbox 1486 2357 1568 2386; x_wconf 78' lang='lat' dir='ltr'>cerei</span> <span class='ocrx_word' id='word_1_300' title='bbox 1587 2358 1641 2395; x_wconf 85' lang='lat' dir='ltr'>qui</span> <span class='ocrx_word' id='word_1_301' title='bbox 1659 2356 1810 2386; x_wconf 81' lang='lat' dir='ltr'>succendi</span> <span class='ocrx_word' id='word_1_302' title='bbox 1829 2356 1933 2385; x_wconf 87' lang='lat' dir='ltr'>solent</span> <span class='ocrx_word' id='word_1_303' title='bbox 1952 2357 1985 2385; x_wconf 89' lang='lat' dir='ltr'>in</span> <span class='ocrx_word' id='word_1_304' title='bbox 2003 2356 2125 2394; x_wconf 87' lang='lat' dir='ltr'>nuptiis</span> 
     </span>
     <span class='ocr_line' id='line_1_29' title="bbox 289 2413 2126 2455; baseline -0.002 -10"><span class='ocrx_word' id='word_1_305' title='bbox 289 2416 375 2445; x_wconf 86' lang='lat' dir='ltr'>unde</span> <span class='ocrx_word' id='word_1_306' title='bbox 408 2416 488 2455; x_wconf 69' lang='lat' dir='ltr'>Viry.</span> <span class='ocrx_word' id='word_1_307' title='bbox 517 2415 573 2454; x_wconf 77' lang='lat' dir='ltr'>(A.</span> <span class='ocrx_word' id='word_1_308' title='bbox 590 2416 614 2452; x_wconf 79' lang='lat' dir='ltr'>I7</span> <span class='ocrx_word' id='word_1_309' title='bbox 643 2416 716 2444; x_wconf 83' lang='grc'><strong>727.</strong></span> <span class='ocrx_word' id='word_1_310' title='bbox 744 2415 784 2444; x_wconf 86' lang='lat' dir='ltr'>cf.</span> <span class='ocrx_word' id='word_1_311' title='bbox 813 2414 849 2444; x_wconf 85' lang='lat' dir='ltr'>C.</span> <span class='ocrx_word' id='word_1_312' title='bbox 876 2414 901 2451; x_wconf 92' lang='grc' dir='ltr'>Ι,</span> <span class='ocrx_word' id='word_1_313' title='bbox 929 2416 981 2452; x_wconf 84' lang='grc'>27,</span> <span class='ocrx_word' id='word_1_314' title='bbox 1010 2414 1063 2452; x_wconf 85' lang='lat'>5):</span> <span class='ocrx_word' id='word_1_315' title='bbox 1091 2418 1117 2443; x_wconf 74' lang='lat' dir='ltr'>et</span> <span class='ocrx_word' id='word_1_316' title='bbox 1140 2413 1396 2452; x_wconf 66' lang='lat' dir='ltr'>noctemfimulz’a</span> <span class='ocrx_word' id='word_1_317' title='bbox 1419 2414 1547 2450; x_wconf 73' lang='lat' dir='ltr'>vincunt,</span> <span class='ocrx_word' id='word_1_318' title='bbox 1575 2423 1655 2452; x_wconf 79' lang='lat' dir='ltr'>quae</span> <span class='ocrx_word' id='word_1_319' title='bbox 1682 2414 1741 2443; x_wconf 86' lang='grc'><strong>1100</strong></span> <span class='ocrx_word' id='word_1_320' title='bbox 1766 2414 1836 2443; x_wconf 87' lang='grc'><strong>1000</strong></span> <span class='ocrx_word' id='word_1_321' title='bbox 1863 2413 2051 2451; x_wconf 79' lang='lat' dir='ltr'>significant</span> <span class='ocrx_word' id='word_1_322' title='bbox 2077 2421 2126 2441; x_wconf 83' lang='lat' dir='ltr'>ar-</span> 
     </span>
     <span class='ocr_line' id='line_1_30' title="bbox 289 2469 2125 2510; baseline -0.003 -8"><span class='ocrx_word' id='word_1_323' title='bbox 289 2473 397 2503; x_wconf 87' lang='lat' dir='ltr'>dorem</span> <span class='ocrx_word' id='word_1_324' title='bbox 423 2473 550 2502; x_wconf 84' lang='lat' dir='ltr'>amoris.</span> <span class='ocrx_word' id='word_1_325' title='bbox 577 2473 693 2510; x_wconf 82' lang='lat' dir='ltr'>quibus</span> <span class='ocrx_word' id='word_1_326' title='bbox 720 2473 817 2501; x_wconf 75' lang='lat' dir='ltr'>etiam</span> <span class='ocrx_word' id='word_1_327' title='bbox 844 2472 950 2501; x_wconf 78' lang='lat' dir='ltr'>fastus</span> <span class='ocrx_word' id='word_1_328' title='bbox 969 2471 1144 2509; x_wconf 78' lang='lat' dir='ltr'>puellarum</span> <span class='ocrx_word' id='word_1_329' title='bbox 1169 2481 1225 2509; x_wconf 87' lang='lat' dir='ltr'>per</span> <span class='ocrx_word' id='word_1_330' title='bbox 1249 2470 1315 2506; x_wconf 81' lang='lat' dir='ltr'>OQ.</span> <span class='ocrx_word' id='word_1_331' title='bbox 1341 2471 1435 2509; x_wconf 82' lang='lat' dir='ltr'>Vulg.</span> <span class='ocrx_word' id='word_1_332' title='bbox 1462 2471 1576 2500; x_wconf 79' lang='lat' dir='ltr'>lectio:</span> <span class='ocrx_word' id='word_1_333' title='bbox 1604 2471 1721 2508; x_wconf 88' lang='lat' dir='ltr'>quibus</span> <span class='ocrx_word' id='word_1_334' title='bbox 1747 2469 1850 2499; x_wconf 83' lang='lat' dir='ltr'>fastus</span> <span class='ocrx_word' id='word_1_335' title='bbox 1871 2470 1969 2498; x_wconf 81' lang='lat' dir='ltr'>etiam</span> <span class='ocrx_word' id='word_1_336' title='bbox 1986 2478 2042 2507; x_wconf 83' lang='lat' dir='ltr'>per</span> <span class='ocrx_word' id='word_1_337' title='bbox 2060 2469 2125 2497; x_wconf 90' lang='lat' dir='ltr'>uim</span> 
     </span>
     <span class='ocr_line' id='line_1_31' title="bbox 289 2526 2126 2567; baseline -0.002 -8"><span class='ocrx_word' id='word_1_338' title='bbox 289 2530 563 2559; x_wconf 86' lang='lat' dir='ltr'>contemnentium</span> <span class='ocrx_word' id='word_1_339' title='bbox 590 2533 791 2567; x_wconf 76' lang='lat' dir='ltr'>superantur.</span> <span class='ocrx_word' id='word_1_340' title='bbox 819 2528 1076 2557; x_wconf 71' lang='lat' dir='ltr'>contendentium</span> <span class='ocrx_word' id='word_1_341' title='bbox 1105 2530 1134 2558; x_wconf 73' lang='lat'>2.</span> <span class='ocrx_word' id='word_1_342' title='bbox 1161 2529 1199 2557; x_wconf 88' lang='lat' dir='ltr'>b:</span> <span class='ocrx_word' id='word_1_343' title='bbox 1226 2528 1356 2564; x_wconf 66' lang='lat' dir='ltr'>Vestes,</span> <span class='ocrx_word' id='word_1_344' title='bbox 1384 2537 1487 2557; x_wconf 78' lang='lat' dir='ltr'>arcus.</span> <span class='ocrx_word' id='word_1_345' title='bbox 1515 2528 1701 2565; x_wconf 81' lang='lat' dir='ltr'>significant</span> <span class='ocrx_word' id='word_1_346' title='bbox 1728 2527 1760 2555; x_wconf 85' lang='lat' dir='ltr'>h.</span> <span class='ocrx_word' id='word_1_347' title='bbox 1789 2527 1809 2555; x_wconf 91' lang='grc'>1.</span> <span class='ocrx_word' id='word_1_348' title='bbox 1836 2527 2011 2556; x_wconf 83' lang='lat' dir='ltr'>membrum</span> <span class='ocrx_word' id='word_1_349' title='bbox 2030 2526 2126 2556; x_wconf 88' lang='lat' dir='ltr'>uirile</span> 
     </span>
     <span class='ocr_line' id='line_1_32' title="bbox 289 2583 2125 2624; baseline -0.001 -10"><span class='ocrx_word' id='word_1_350' title='bbox 289 2587 457 2624; x_wconf 82' lang='lat' dir='ltr'>oppositae</span> <span class='ocrx_word' id='word_1_351' title='bbox 483 2586 566 2615; x_wconf 85' lang='lat' dir='ltr'>sores</span> <span class='ocrx_word' id='word_1_352' title='bbox 593 2596 706 2616; x_wconf 67' lang='lat' dir='ltr'>sexum</span> <span class='ocrx_word' id='word_1_353' title='bbox 733 2585 936 2615; x_wconf 82' lang='lat' dir='ltr'>feminarum.</span> <span class='ocrx_word' id='word_1_354' title='bbox 974 2594 1107 2622; x_wconf 81' lang='lat' dir='ltr'>quorum</span> <span class='ocrx_word' id='word_1_355' title='bbox 1132 2594 1223 2613; x_wconf 67' lang='lat' dir='ltr'>usum</span> <span class='ocrx_word' id='word_1_356' title='bbox 1251 2585 1331 2613; x_wconf 78' lang='grc'><strong>(11011</strong></span> <span class='ocrx_word' id='word_1_357' title='bbox 1367 2585 1588 2622; x_wconf 79' lang='lat' dir='ltr'>deponendum</span> <span class='ocrx_word' id='word_1_358' title='bbox 1626 2585 1689 2613; x_wconf 77' lang='lat' dir='ltr'>iam</span> <span class='ocrx_word' id='word_1_359' title='bbox 1727 2593 1796 2612; x_wconf 81' lang='lat' dir='ltr'>esse</span> <span class='ocrx_word' id='word_1_360' title='bbox 1833 2583 1952 2620; x_wconf 87' lang='lat' dir='ltr'>templo</span> <span class='ocrx_word' id='word_1_361' title='bbox 1988 2583 2125 2612; x_wconf 85' lang='lat' dir='ltr'>ueneris.</span> 
     </span>
     <span class='ocr_line' id='line_1_33' title="bbox 293 2639 2125 2682; baseline -0.003 -10"><span class='ocrx_word' id='word_1_362' title='bbox 293 2643 348 2681; x_wconf 82' lang='lat'>10)</span> <span class='ocrx_word' id='word_1_363' title='bbox 377 2644 438 2672; x_wconf 80' lang='lat' dir='ltr'>ins.</span> <span class='ocrx_word' id='word_1_364' title='bbox 458 2642 646 2681; x_wconf 71' lang='lat' dir='ltr'>potissimum</span> <span class='ocrx_word' id='word_1_365' title='bbox 670 2642 778 2671; x_wconf 70' lang='lat' dir='ltr'>Venus</span> <span class='ocrx_word' id='word_1_366' title='bbox 805 2643 863 2671; x_wconf 88' lang='grc'><strong>001.</strong></span> <span class='ocrx_word' id='word_1_367' title='bbox 892 2643 920 2670; x_wconf 88' lang='grc'>2.</span> <span class='ocrx_word' id='word_1_368' title='bbox 948 2641 1073 2679; x_wconf 72' lang='lat' dir='ltr'>menfin</span> <span class='ocrx_word' id='word_1_369' title='bbox 1097 2641 1153 2682; x_wconf 78' lang='grc' dir='ltr'><strong>Λγ.</strong></span> <span class='ocrx_word' id='word_1_370' title='bbox 1206 2641 1261 2679; x_wconf 93' lang='grc'>11)</span> <span class='ocrx_word' id='word_1_371' title='bbox 1288 2642 1307 2669; x_wconf 89' lang='grc'>1.</span> <span class='ocrx_word' id='word_1_372' title='bbox 1336 2650 1361 2669; x_wconf 92' lang='grc'>0.</span> <span class='ocrx_word' id='word_1_373' title='bbox 1381 2646 1553 2680; x_wconf 70' lang='lat' dir='ltr'>aegyptum</span> <span class='ocrx_word' id='word_1_374' title='bbox 1571 2642 1659 2679; x_wconf 76' lang='lat' dir='ltr'>vulg.</span> <span class='ocrx_word' id='word_1_375' title='bbox 1679 2641 1784 2670; x_wconf 84' lang='lat' dir='ltr'>lectio.</span> <span class='ocrx_word' id='word_1_376' title='bbox 1803 2640 1894 2678; x_wconf 81' lang='lat' dir='ltr'>posui</span> <span class='ocrx_word' id='word_1_377' title='bbox 1912 2639 1944 2668; x_wconf 71' lang='lat' dir='ltr'>in</span> <span class='ocrx_word' id='word_1_378' title='bbox 1962 2639 2125 2678; x_wconf 76' lang='lat' dir='ltr'>Aegypto.</span> 
     </span>
     <span class='ocr_line' id='line_1_34' title="bbox 289 2696 2125 2739; baseline -0.002 -10"><span class='ocrx_word' id='word_1_379' title='bbox 289 2700 328 2736; x_wconf 73' lang='lat' dir='ltr'>cf,</span> <span class='ocrx_word' id='word_1_380' title='bbox 356 2699 474 2737; x_wconf 86' lang='lat' dir='ltr'>Porph.</span> <span class='ocrx_word' id='word_1_381' title='bbox 501 2703 679 2739; x_wconf 77' lang='lat' dir='ltr'>aegyptum</span> <span class='ocrx_word' id='word_1_382' title='bbox 705 2709 766 2728; x_wconf 84' lang='lat' dir='ltr'>om.</span> <span class='ocrx_word' id='word_1_383' title='bbox 792 2698 832 2727; x_wconf 86' lang='lat' dir='ltr'>A.</span> <span class='ocrx_word' id='word_1_384' title='bbox 860 2708 953 2736; x_wconf 78' lang='lat' dir='ltr'>quam</span> <span class='ocrx_word' id='word_1_385' title='bbox 980 2698 1277 2739; x_wconf 61' lang='lat' dir='ltr'>A·,‘R‘.2G‚rmvca(„).</span> <span class='ocrx_word' id='word_1_386' title='bbox 1303 2698 1383 2736; x_wconf 68' lang='lat' dir='ltr'>quod</span> <span class='ocrx_word' id='word_1_387' title='bbox 1406 2697 1451 2727; x_wconf 81' lang='lat' dir='ltr'>fh.</span> <span class='ocrx_word' id='word_1_388' title='bbox 1478 2697 1634 2736; x_wconf 76' lang='lat' dir='ltr'>memphin.</span> <span class='ocrx_word' id='word_1_389' title='bbox 1663 2702 1815 2736; x_wconf 73' lang='lat' dir='ltr'>egyptus.</span> <span class='ocrx_word' id='word_1_390' title='bbox 1843 2697 1875 2726; x_wconf 90' lang='grc'>111</span> <span class='ocrx_word' id='word_1_391' title='bbox 1895 2706 1955 2734; x_wconf 80' lang='lat' dir='ltr'>qua</span> <span class='ocrx_word' id='word_1_392' title='bbox 1969 2696 2125 2734; x_wconf 86' lang='lat' dir='ltr'>memphis</span> 
     </span>
     <span class='ocr_line' id='line_1_35' title="bbox 288 2752 2124 2794; baseline -0.002 -10"><span class='ocrx_word' id='word_1_393' title='bbox 288 2757 398 2785; x_wconf 84' lang='lat' dir='ltr'>uicina</span> <span class='ocrx_word' id='word_1_394' title='bbox 424 2757 599 2794; x_wconf 86' lang='lat' dir='ltr'>ethiopiae.</span> <span class='ocrx_word' id='word_1_395' title='bbox 658 2756 798 2794; x_wconf 78' lang='lat' dir='ltr'>Ideoque</span> <span class='ocrx_word' id='word_1_396' title='bbox 824 2764 948 2794; x_wconf 82' lang='lat' dir='ltr'>semper</span> <span class='ocrx_word' id='word_1_397' title='bbox 974 2759 1061 2783; x_wconf 82' lang='lat' dir='ltr'>caret</span> <span class='ocrx_word' id='word_1_398' title='bbox 1088 2755 1229 2783; x_wconf 77' lang='lat' dir='ltr'>niuibus.</span> <span class='ocrx_word' id='word_1_399' title='bbox 1256 2764 1336 2792; x_wconf 82' lang='lat' dir='ltr'>quae</span> <span class='ocrx_word' id='word_1_400' title='bbox 1363 2764 1443 2791; x_wconf 85' lang='lat' dir='ltr'>pene</span> <span class='ocrx_word' id='word_1_401' title='bbox 1470 2763 1593 2792; x_wconf 81' lang='lat' dir='ltr'>semper</span> <span class='ocrx_word' id='word_1_402' title='bbox 1618 2759 1693 2783; x_wconf 87' lang='lat' dir='ltr'>sunt</span> <span class='ocrx_word' id='word_1_403' title='bbox 1717 2754 1859 2783; x_wconf 69' lang='lat' dir='ltr'>intr-acta.</span> <span class='ocrx_word' id='word_1_404' title='bbox 1920 2752 2011 2781; x_wconf 83' lang='lat' dir='ltr'>Siton</span> <span class='ocrx_word' id='word_1_405' title='bbox 2039 2753 2124 2781; x_wconf 85' lang='lat' dir='ltr'>enim</span> 
     </span>
     <span class='ocr_line' id='line_1_36' title="bbox 289 2808 2123 2851; baseline -0.002 -11"><span class='ocrx_word' id='word_1_406' title='bbox 289 2813 409 2841; x_wconf 76' lang='lat' dir='ltr'>traciae</span> <span class='ocrx_word' id='word_1_407' title='bbox 436 2813 565 2851; x_wconf 78' lang='lat' dir='ltr'>gelidus</span> <span class='ocrx_word' id='word_1_408' title='bbox 584 2822 602 2841; x_wconf 82' lang='lat' dir='ltr'>a</span> <span class='ocrx_word' id='word_1_409' title='bbox 619 2823 680 2850; x_wconf 81' lang='lat' dir='ltr'>quo</span> <span class='ocrx_word' id='word_1_410' title='bbox 707 2813 870 2841; x_wconf 77' lang='lat' dir='ltr'>sithonius</span> <span class='ocrx_word' id='word_1_411' title='bbox 896 2816 944 2840; x_wconf 78' lang='lat' dir='ltr'>est</span> <span class='ocrx_word' id='word_1_412' title='bbox 969 2811 1177 2840; x_wconf 82' lang='lat' dir='ltr'>adiectinum.</span> <span class='ocrx_word' id='word_1_413' title='bbox 1232 2810 1286 2849; x_wconf 76' lang='lat'>15)</span> <span class='ocrx_word' id='word_1_414' title='bbox 1314 2810 1350 2839; x_wconf 89' lang='lat' dir='ltr'>In</span> <span class='ocrx_word' id='word_1_415' title='bbox 1376 2811 1476 2840; x_wconf 77' lang='lat' dir='ltr'>altum</span> <span class='ocrx_word' id='word_1_416' title='bbox 1503 2811 1559 2839; x_wconf 73' lang='grc'><strong>5111)</strong></span> <span class='ocrx_word' id='word_1_417' title='bbox 1584 2810 1643 2840; x_wconf 80' lang='lat' dir='ltr'>alto</span> <span class='ocrx_word' id='word_1_418' title='bbox 1669 2811 1735 2840; x_wconf 80' lang='lat' dir='ltr'>ictu</span> <span class='ocrx_word' id='word_1_419' title='bbox 1752 2811 1782 2839; x_wconf 86' lang='lat' dir='ltr'>b.</span> <span class='ocrx_word' id='word_1_420' title='bbox 1811 2809 1983 2838; x_wconf 79' lang='lat' dir='ltr'>subleuato</span> <span class='ocrx_word' id='word_1_421' title='bbox 2008 2808 2123 2846; x_wconf 83' lang='lat' dir='ltr'>Porpb.</span> 
     </span>
     <span class='ocr_line' id='line_1_37' title="bbox 294 2864 2122 2912; baseline -0.003 -14"><span class='ocrx_word' id='word_1_422' title='bbox 294 2869 348 2907; x_wconf 75' lang='lat'>16)</span> <span class='ocrx_word' id='word_1_423' title='bbox 375 2870 450 2906; x_wconf 88' lang='lat' dir='ltr'>quia</span> <span class='ocrx_word' id='word_1_424' title='bbox 476 2874 521 2898; x_wconf 73' lang='lat' dir='ltr'>est</span> <span class='ocrx_word' id='word_1_425' title='bbox 549 2869 658 2912; x_wconf 68' lang='grc' dir='ltr'><strong>Αγ11,1·.</strong></span> <span class='ocrx_word' id='word_1_426' title='bbox 687 2869 755 2898; x_wconf 87' lang='lat' dir='ltr'>rell.</span> <span class='ocrx_word' id='word_1_427' title='bbox 782 2880 812 2906; x_wconf 80' lang='lat' dir='ltr'>q.</span> <span class='ocrx_word' id='word_1_428' title='bbox 840 2878 900 2897; x_wconf 85' lang='lat' dir='ltr'>arr.</span> <span class='ocrx_word' id='word_1_429' title='bbox 928 2873 986 2897; x_wconf 77' lang='lat' dir='ltr'>est.</span> <span class='ocrx_word' id='word_1_430' title='bbox 1040 2886 1077 2888; x_wconf 41' lang='lat' dir='ltr'><strong>w</strong></span> <span class='ocrx_word' id='word_1_431' title='bbox 1126 2868 1235 2906; x_wconf 81' lang='lat' dir='ltr'>adrog.</span> <span class='ocrx_word' id='word_1_432' title='bbox 1260 2867 1299 2896; x_wconf 77' lang='lat' dir='ltr'>A.</span> <span class='ocrx_word' id='word_1_433' title='bbox 1326 2877 1362 2896; x_wconf 85' lang='lat' dir='ltr'>ac</span> <span class='ocrx_word' id='word_1_434' title='bbox 1387 2868 1467 2908; x_wconf 56' lang='lat' dir='ltr'>Ap).</span> <span class='ocrx_word' id='word_1_435' title='bbox 1496 2868 1566 2897; x_wconf 89' lang='lat' dir='ltr'>rell.</span> <span class='ocrx_word' id='word_1_436' title='bbox 1593 2872 1634 2897; x_wconf 86' lang='lat' dir='ltr'>et.</span> <span class='ocrx_word' id='word_1_437' title='bbox 1698 2868 1755 2907; x_wconf 83' lang='lat'>17)</span> <span class='ocrx_word' id='word_1_438' title='bbox 1782 2876 1865 2905; x_wconf 85' lang='lat' dir='ltr'>perc.</span> <span class='ocrx_word' id='word_1_439' title='bbox 1898 2866 2022 2896; x_wconf 68' lang='lat' dir='ltr'>uulnere</span> <span class='ocrx_word' id='word_1_440' title='bbox 2059 2864 2122 2894; x_wconf 78' lang='lat' dir='ltr'>rfh.</span> 
     </span>
     <span class='ocr_line' id='line_1_38' title="bbox 289 2920 2122 2963; baseline -0.002 -10"><span class='ocrx_word' id='word_1_441' title='bbox 289 2925 357 2956; x_wconf 85' lang='lat' dir='ltr'>rell.</span> <span class='ocrx_word' id='word_1_442' title='bbox 385 2924 429 2962; x_wconf 81' lang='lat' dir='ltr'>(et</span> <span class='ocrx_word' id='word_1_443' title='bbox 456 2935 509 2954; x_wconf 83' lang='lat' dir='ltr'>mv</span> <span class='ocrx_word' id='word_1_444' title='bbox 535 2925 574 2954; x_wconf 82' lang='lat' dir='ltr'>cf.</span> <span class='ocrx_word' id='word_1_445' title='bbox 604 2926 647 2963; x_wconf 81' lang='lat' dir='ltr'>Q)</span> <span class='ocrx_word' id='word_1_446' title='bbox 675 2936 758 2963; x_wconf 78' lang='lat' dir='ltr'>perc.</span> <span class='ocrx_word' id='word_1_447' title='bbox 785 2925 833 2954; x_wconf 77' lang='lat' dir='ltr'>uel</span> <span class='ocrx_word' id='word_1_448' title='bbox 855 2935 928 2954; x_wconf 79' lang='lat' dir='ltr'>una.</span> <span class='ocrx_word' id='word_1_449' title='bbox 957 2934 1040 2962; x_wconf 86' lang='lat' dir='ltr'>perc.</span> <span class='ocrx_word' id='word_1_450' title='bbox 1068 2925 1111 2953; x_wconf 85' lang='lat' dir='ltr'>di.</span> <span class='ocrx_word' id='word_1_451' title='bbox 1140 2925 1211 2953; x_wconf 88' lang='lat' dir='ltr'>deb.</span> <span class='ocrx_word' id='word_1_452' title='bbox 1238 2923 1287 2953; x_wconf 81' lang='lat' dir='ltr'>uel</span> <span class='ocrx_word' id='word_1_453' title='bbox 1309 2934 1370 2952; x_wconf 77' lang='lat' dir='ltr'>una</span> <span class='ocrx_word' id='word_1_454' title='bbox 1396 2934 1440 2952; x_wconf 79' lang='lat' dir='ltr'>ca.</span> <span class='ocrx_word' id='word_1_455' title='bbox 1467 2924 1527 2953; x_wconf 63' lang='lat' dir='ltr'>vult</span> <span class='ocrx_word' id='word_1_456' title='bbox 1544 2925 1667 2961; x_wconf 72' lang='lat' dir='ltr'>percuti</span> <span class='ocrx_word' id='word_1_457' title='bbox 1685 2933 1748 2952; x_wconf 85' lang='lat' dir='ltr'>una</span> <span class='ocrx_word' id='word_1_458' title='bbox 1766 2933 1826 2952; x_wconf 85' lang='lat' dir='ltr'>am.</span> <span class='ocrx_word' id='word_1_459' title='bbox 1846 2924 1887 2961; x_wconf 89' lang='lat' dir='ltr'>pl.</span> <span class='ocrx_word' id='word_1_460' title='bbox 1907 2922 2069 2952; x_wconf 68' lang='lat' dir='ltr'>uehementi</span> <span class='ocrx_word' id='word_1_461' title='bbox 2085 2920 2122 2950; x_wconf 87' lang='lat' dir='ltr'>C.</span> 
     </span>
     <span class='ocr_line' id='line_1_39' title="bbox 290 2979 2124 3022; baseline -0.002 -12"><span class='ocrx_word' id='word_1_462' title='bbox 290 2982 332 3019; x_wconf 93' lang='lat' dir='ltr'>pl.</span> <span class='ocrx_word' id='word_1_463' title='bbox 360 2982 481 3010; x_wconf 62' lang='lat' dir='ltr'>venerei</span> <span class='ocrx_word' id='word_1_464' title='bbox 504 2982 724 3019; x_wconf 54' lang='lat' dir='ltr'>AQrmvmfb.</span> <span class='ocrx_word' id='word_1_465' title='bbox 754 2981 878 3011; x_wconf 70' lang='lat' dir='ltr'>uenerii</span> <span class='ocrx_word' id='word_1_466' title='bbox 906 2991 931 3022; x_wconf 74' lang='grc' dir='ltr'>γ.</span> <span class='ocrx_word' id='word_1_467' title='bbox 966 2981 1058 3019; x_wconf 81' lang='lat' dir='ltr'>plage</span> <span class='ocrx_word' id='word_1_468' title='bbox 1083 2982 1193 3010; x_wconf 90' lang='lat' dir='ltr'>ueneri</span> <span class='ocrx_word' id='word_1_469' title='bbox 1220 2981 1250 3009; x_wconf 88' lang='lat' dir='ltr'>b.</span> <span class='ocrx_word' id='word_1_470' title='bbox 1276 2981 1372 3018; x_wconf 72' lang='lat' dir='ltr'>plaga</span> <span class='ocrx_word' id='word_1_471' title='bbox 1408 2980 1565 3009; x_wconf 65' lang='lat' dir='ltr'>vulnme-c&#39;</span> <span class='ocrx_word' id='word_1_472' title='bbox 1588 2981 1624 3011; x_wconf 76' lang='lat' dir='ltr'>R.</span> <span class='ocrx_word' id='word_1_473' title='bbox 1654 2991 1669 3009; x_wconf 81' lang='lat'>:1</span> <span class='ocrx_word' id='word_1_474' title='bbox 1696 2980 1820 3009; x_wconf 78' lang='lat' dir='ltr'>Venere</span> <span class='ocrx_word' id='word_1_475' title='bbox 1855 2980 1892 3014; x_wconf 79' lang='lat' dir='ltr'>Q.</span> <span class='ocrx_word' id='word_1_476' title='bbox 1932 2979 1971 3008; x_wconf 78' lang='lat' dir='ltr'>cf.</span> <span class='ocrx_word' id='word_1_477' title='bbox 2007 2979 2124 3016; x_wconf 85' lang='lat' dir='ltr'>Porph.</span> 
     </span>
     <span class='ocr_line' id='line_1_40' title="bbox 297 3037 2122 3075; baseline -0.002 -8"><span class='ocrx_word' id='word_1_478' title='bbox 297 3038 420 3067; x_wconf 66' lang='lat' dir='ltr'>Venerei</span> <span class='ocrx_word' id='word_1_479' title='bbox 444 3042 539 3067; x_wconf 87' lang='grc'><strong>10010.</strong></span> <span class='ocrx_word' id='word_1_480' title='bbox 567 3039 607 3067; x_wconf 87' lang='lat' dir='ltr'>cf.</span> <span class='ocrx_word' id='word_1_481' title='bbox 636 3039 716 3075; x_wconf 81' lang='lat' dir='ltr'>Nep.</span> <span class='ocrx_word' id='word_1_482' title='bbox 746 3038 839 3067; x_wconf 71' lang='lat' dir='ltr'>l’aus.</span> <span class='ocrx_word' id='word_1_483' title='bbox 868 3039 897 3066; x_wconf 75' lang='lat'>4.</span> <span class='ocrx_word' id='word_1_484' title='bbox 930 3037 1053 3067; x_wconf 83' lang='lat' dir='ltr'>Colum.</span> <span class='ocrx_word' id='word_1_485' title='bbox 1080 3038 1119 3075; x_wconf 74' lang='lat' dir='ltr'>X,</span> <span class='ocrx_word' id='word_1_486' title='bbox 1151 3039 1177 3075; x_wconf 82' lang='lat' dir='ltr'>l,</span> <span class='ocrx_word' id='word_1_487' title='bbox 1208 3039 1256 3066; x_wconf 79' lang='lat'>14.</span> <span class='ocrx_word' id='word_1_488' title='bbox 1307 3037 1509 3074; x_wconf 73' lang='lat' dir='ltr'>Supcrtiuum</span> <span class='ocrx_word' id='word_1_489' title='bbox 1536 3039 1642 3074; x_wconf 66' lang='lat' dir='ltr'>potest</span> <span class='ocrx_word' id='word_1_490' title='bbox 1670 3037 1805 3065; x_wconf 82' lang='lat' dir='ltr'>iudicari</span> <span class='ocrx_word' id='word_1_491' title='bbox 1831 3041 1927 3074; x_wconf 78' lang='lat' dir='ltr'>utque</span> <span class='ocrx_word' id='word_1_492' title='bbox 1953 3040 2055 3065; x_wconf 83' lang='lat' dir='ltr'>ortum</span> <span class='ocrx_word' id='word_1_493' title='bbox 2082 3044 2122 3063; x_wconf 71' lang='lat' dir='ltr'>ex</span> 
     </span>
     <span class='ocr_line' id='line_1_41' title="bbox 290 3095 1136 3133; baseline -0.001 -9"><span class='ocrx_word' id='word_1_494' title='bbox 290 3096 416 3133; x_wconf 75' lang='lat' dir='ltr'>glossa:</span> <span class='ocrx_word' id='word_1_495' title='bbox 443 3095 462 3123; x_wconf 88' lang='lat' dir='ltr'>i.</span> <span class='ocrx_word' id='word_1_496' title='bbox 491 3104 508 3123; x_wconf 80' lang='lat' dir='ltr'>a</span> <span class='ocrx_word' id='word_1_497' title='bbox 526 3095 661 3129; x_wconf 64' lang='lat' dir='ltr'>Venere,</span> <span class='ocrx_word' id='word_1_498' title='bbox 689 3099 723 3124; x_wconf 89' lang='grc'>111</span> <span class='ocrx_word' id='word_1_499' title='bbox 749 3095 910 3124; x_wconf 66' lang='lat' dir='ltr'>vulnerari</span> <span class='ocrx_word' id='word_1_500' title='bbox 936 3112 973 3115; x_wconf 45' lang='grc' dir='ltr'>-ν</span> <span class='ocrx_word' id='word_1_501' title='bbox 1002 3096 1136 3132; x_wconf 85' lang='lat' dir='ltr'>percuti.</span> 
     </span>
    </p>

    <p class='ocr_par' dir='ltr' id='par_1_14' title="bbox 289 3146 2122 3247">
     <span class='ocr_line' id='line_1_42' title="bbox 403 3146 2122 3191; baseline -0.002 -11"><span class='ocrx_word' id='word_1_502' title='bbox 403 3150 556 3180; x_wconf 82' lang='lat' dir='ltr'>PORPH.</span> <span class='ocrx_word' id='word_1_503' title='bbox 608 3152 678 3180; x_wconf 80' lang='lat' dir='ltr'>Ode</span> <span class='ocrx_word' id='word_1_504' title='bbox 705 3151 862 3181; x_wconf 75' lang='lat' dir='ltr'>LXXXV.</span> <span class='ocrx_word' id='word_1_505' title='bbox 890 3152 927 3181; x_wconf 83' lang='lat' dir='ltr'>R.</span> <span class='ocrx_word' id='word_1_506' title='bbox 978 3152 1036 3190; x_wconf 84' lang='grc'>20)</span> <span class='ocrx_word' id='word_1_507' title='bbox 1061 3151 1127 3181; x_wconf 77' lang='lat' dir='ltr'>Vix</span> <span class='ocrx_word' id='word_1_508' title='bbox 1153 3151 1184 3180; x_wconf 80' lang='lat' dir='ltr'>in</span> <span class='ocrx_word' id='word_1_509' title='bbox 1209 3150 1252 3179; x_wconf 85' lang='lat' dir='ltr'>M.</span> <span class='ocrx_word' id='word_1_510' title='bbox 1279 3151 1359 3180; x_wconf 80' lang='lat' dir='ltr'>Dixi</span> <span class='ocrx_word' id='word_1_511' title='bbox 1386 3160 1437 3188; x_wconf 88' lang='lat' dir='ltr'>pu.</span> <span class='ocrx_word' id='word_1_512' title='bbox 1464 3150 1490 3178; x_wconf 81' lang='lat' dir='ltr'>R</span> <span class='ocrx_word' id='word_1_513' title='bbox 1518 3150 1561 3188; x_wconf 86' lang='lat'>(1)</span> <span class='ocrx_word' id='word_1_514' title='bbox 1582 3150 1630 3179; x_wconf 81' lang='lat' dir='ltr'>lit.</span> <span class='ocrx_word' id='word_1_515' title='bbox 1656 3146 1929 3191; x_wconf 69' lang='grc' dir='ltr'><strong>1111·111.).1υόηΜ.</strong></span> <span class='ocrx_word' id='word_1_516' title='bbox 1993 3166 1998 3168; x_wconf 93' lang='lat'><em>-</em></span> <span class='ocrx_word' id='word_1_517' title='bbox 2026 3158 2122 3177; x_wconf 81' lang='lat' dir='ltr'>carm.</span> 
     </span>
     <span class='ocr_line' id='line_1_43' title="bbox 289 3207 449 3247; baseline 0.006 -11"><span class='ocrx_word' id='word_1_518' title='bbox 289 3207 392 3247; x_wconf 74' lang='lat' dir='ltr'>lyricis</span> <span class='ocrx_word' id='word_1_519' title='bbox 418 3208 449 3237; x_wconf 81' lang='grc'>2.</span> 
     </span>
    </p>
   </div>
  </div>
 </body>
</html>
