2170 3460
864 94 909 123 IN
941 92 1072 122 CARM.
1105 92 1134 128 1,
1164 95 1215 122 Η.
1889 83 1939 121 55

113 215 230 255 Jubet
262 215 373 255 ocius
409 227 541 254 omnes
582 214 719 254 Attolle·
755 215 890 254 malos.
964 213 1050 254 Sed
1091 213 1216 254 arbor
1256 213 1416 267 (ipsa?)
1447 214 1637 254 feminini
1668 214 1836 269 generis
1867 222 1941 263 cst,

107 302 239 341 poma
268 301 368 327 uero
399 285 548 335 neutri,
579 292 621 326 ut
663 287 769 340 Ver-(J.
803 285 871 339 (B.
904 285 983 334 III,
1017 286 1109 339 71):
1144 287 1281 327 Aurea
1311 286 1419 326 mala
1453 287 1583 327 decem
1613 289 1716 328 ‘misi

227 361 263 400 G.
296 360 477 401 Geinum.
536 357 725 414 Fragore
756 359 980 399 scissionis.
1050 360 1155 412 Γᾶν-ς).
1180 358 1254 412 (A.
1278 358 1355 408 VI,
1377 360 1500 413 413):
1538 361 1698 401 (iem-uic
1729 361 1801 401 sul)
1828 375 1942 415 pon—

115 433 207 473 dere
239 433 378 473 cumba
409 433 578 473 subtilis.

230 507 287 546 Ac
318 506 400 546 sine
430 505 608 559 semibus.
666 503 755 544 Aut.
785 504 873 545 sine
904 503 1257 545 ministratoribus
1287 504 1616 560 intellegendum
1648 513 1719 546 aut.
1749 506 1838 547 sine
1870 520 1942 545 ex-

116 578 257 632 pensis
287 586 327 618 et
356 577 548 632 pecunia.

230 652 267 692 8.
300 651 336 691 9.
373 651 631 706 Imperiosius
662 652 833 705 Aequor.
894 650 944 690 Id
975 657 1048 700 est,
1079 650 1307 692 uiolentum
1340 657 1379 691 et
1411 651 1528 692 cuius
1559 651 1764 692 nimietati
1796 653 1945 707 (uche-

116 724 344 778 mentiaeP)
380 723 526 764 obsisti
557 738 639 763 non
672 723 815 777 possit.

230 799 266 837 9.
300 797 390 839 Non
422 797 494 838 tibi
526 806 616 838 suut
652 798 809 851 {meyra
846 797 980 837 lintea.
1040 795 1090 836 Id
1130 803 1203 847 est,
1243 797 1406 852 integer
1446 812 1591 838 cursus
1633 798 1722 838 sinc
1763 799 1947 839 exercitu

118 870 185 912 uel
215 870 393 911 auxiliis.
468 870 607 911 Lintea
651 884 752 910 uero
796 870 901 919 uela,
935 869 1053 919 dixit,
1090 877 1132 910 ut
1183 871 1291 924 Verq.
1324 868 1398 915 (A.
1429 870 1509 920 ΙΙΙ,
1543 872 1665 925 686>ε
1699 872 1756 914 Ni
1792 880 1949 913 teneam

120 958 264 985 cursus
297 951 447 984 certum
478 951 534 984 est
565 943 664 984 dare
696 944 818 984 lintea
850 950 967 983 retro.

234 1018 297 1057 10.
330 1016 421 1058 Non
452 1016 504 1057 dt.
563 1015 614 1055 In
644 1015 723 1057 hoc
754 1015 853 1057 deos
889 1015 978 1056 uult
1015 1015 1142 1056 iratos
1179 1015 1382 1071 intellegi,
1424 1016 1535 1070 quod
1574 1017 1711 1058 denuo
1750 1018 1801 1058 (le
1839 1018 1949 1059 bello

119 1089 235 1130 ciuili
265 1088 484 1143 cogitetur.

232 1163 385 1203 Iterum
394 1176 539 1217 pressa
551 1176 667 1203 uoces
677 1162 792 1203 malo.
826 1159 947 1203 Sicut
963 1161 1038 1203 sub
1050 1159 1162 1202 Gaio
1176 1160 1359 1203 Caesare
1369 1161 1700 1217 obpressamalis
1713 1172 1949 1220 rogauerat.

234 1236 298 1276 11.
336 1236 531 1286 Quamuis
565 1236 730 1276 Pontica
754 1237 891 1291 pinus.
951 1233 1018 1275 Ac
1040 1234 1074 1275 si
1096 1234 1274 1275 diceret:
1306 1250 1487 1291 magnae
1518 1236 1695 1291 originis
1727 1243 1767 1277 et
1796 1237 1950 1278 nobili-

120 1308 229 1358 tatis,
271 1308 344 1349 sed
375 1322 451 1362 per
481 1307 771 1362 metaphoram
812 1314 880 1348 aut
923 1307 1227 1362 rempublicam
1270 1308 1511 1362 adloquitur
1542 1316 1610 1350 aut
1656 1308 1852 1351 Cassium
1884 1311 1952 1351 uel

120 1380 385 1436 Pompeium,
417 1380 534 1422 cuius
565 1387 684 1435 pater
715 1381 766 1421 de
797 1380 1046 1421 Mithridate
1076 1379 1255 1421 Pontico
1285 1381 1572 1436 triumphauit.

237 1455 300 1494 14.
332 1454 403 1497 Nil
424 1456 542 1510 pictis
579 1455 742 1496 timidus
785 1456 938 1495 nauita.
1012 1453 1130 1494 Dicit
1178 1460 1396 1495 stemmata
1442 1461 1482 1495 et
1526 1455 1697 1497 diuitias
1743 1456 1952 1511 (σχήματα

123 1526 404 1582 diuinitatis?)
435 1527 673 1569 necessitati
704 1527 876 1568 ultimae
905 1542 991 1568 non
1020 1526 1232 1581 prodesse.

236 1601 300 1642 15.
336 1602 396 1642 Tu
428 1602 511 1642 uisi
535 1603 664 1642 uentis
687 1602 812 1642 Debes
844 1602 1065 1642 ludibrium
1097 1614 1206 1641 caue.
1266 1599 1316 1640 Id
1348 1607 1422 1651 cst,
1455 1616 1507 1642 ne
1537 1602 1674 1643 uictus
1704 1602 1954 1657 turpitudini
1980 1619 1986 1628 ·

122 1672 388 1728 ludibrioque
420 1673 648 1716 subiaceas.
710 1672 830 1716 Ordo
861 1680 944 1715 est:
977 1673 1045 1714 Tu
1074 1672 1156 1714 nisi
1187 1687 1288 1714 caue
1321 1674 1433 1715 debes
1465 1675 1691 1716 ludibrium
1722 1678 1866 1723 uentis,
1912 1676 1955 1715 id

124 1753 198 1798 est,
230 1747 312 1789 eris
342 1746 588 1790 exercitium
618 1754 850 1790 uentorum.
917 1747 1025 1789 Caue
1055 1761 1134 1801 pro
1165 1760 1328 1788 caueas.

239 1897 273 1935 3)
301 1897 418 1927 Totum
435 1897 531 1927 schol.
550 1907 611 1928 om.
632 1897 673 1934 A,
691 1897 749 1927 loc.
768 1897 863 1935 Verg.
884 1906 945 1926 om.
964 1894 1157 1938 ·51RG‚1nva.
1183 1894 1323 1934 fragores
1340 1897 1473 1926 caesaris
1489 1897 1565 1927 sicut
1580 1898 1655 1928 iouis
1671 1909 1695 1928 r.
1713 1899 1839 1937 fragore
1857 1903 1884 1927 et
1898 1907 1954 1927 uon

124 1959 220 1984 torum
237 1955 352 1994 impetu,
372 1959 417 1993 ut⁷
436 1965 466 1994 g.
485 1965 510 1984 s.
530 1966 559 1993 p.
579 1965 604 1984 c.
618 1954 734 1994 fictilis.
755 1954 791 1984 C.
841 1955 876 1992 5)
897 1954 1166 1983 ministratoribus
1183 1962 1211 1994 γ.
1231 1954 1542 1984 administmtoribus
1560 1955 1600 1985 A.
1620 1957 1688 1984 rell.
1707 1955 1955 1985 administratio-

124 2011 227 2041 nibus.
277 2012 312 2050 6)
333 2013 480 2050 arpensis
498 2012 606 2052 Αγ2,ι·.
623 2012 739 2050 spensis
756 2011 792 2040 R.
810 2010 960 2048 impensis
978 2010 1098 2039 mvafh.
1125 2009 1260 2048 (arpensis
1277 2014 1303 2038 et
1320 2020 1380 2039 om.
1401 2010 1435 2040 C.
1454 2016 1506 2040 aut
1521 2021 1588 2049 pec.
1615 2022 1638 2040 r.
1652 2011 1783 2051 fiinibus
1802 2012 1956 2049 principi—

126 2068 185 2097 bus
209 2069 239 2096 b.
258 2068 384 2097 carinae
402 2069 563 2098 exercitus
580 2069 613 2097 b.
663 2069 696 2107 7)
722 2067 887 2097 uiolentius
906 2068 966 2104 2,r.
993 2068 1099 2096 seuius
1117 2067 1295 2096 uiolencius
1312 2068 1342 2096 b.
1361 2067 1520 2096 translate
1538 2077 1593 2105 pro
1611 2069 1737 2097 saeuius
1755 2073 1786 2097 et
1802 2068 1958 2097 uiolentius

128 2129 159 2154 et
176 2125 265 2154 cuius
284 2125 482 2155 uelaementiae
500 2126 613 2155 obsisti
630 2134 690 2154 non
708 2124 809 2162 possit
827 2123 864 2153 C.
877 2128 975 2162 potest
992 2124 1021 2161 2,
1062 2123 1122 2152 Pro
1138 2122 1290 2158 nimietati,
1309 2133 1389 2161 quae
1406 2124 1503 2153 lectio
1521 2129 1566 2153 est
1585 2135 1669 2154 omn.
1687 2125 1853 2161 librorum,
1872 2133 1914 2153 ex
1933 2123 1957 2153 C

133 2182 236 2219 petiui
261 2181 471 2218 vehementiae,
513 2186 641 2219 propter
667 2190 792 2210 sensum
818 2190 854 2209 ac
878 2181 927 2210 lit.
956 2180 1211 2209 similitudinem.
1277 2180 1311 2217 9)
1345 2180 1463 2209 Totum
1490 2181 1583 2210 schol.
1611 2191 1673 2211 om.
1699 2191 1725 2222 γ.
1752 2181 1785 2210 id
1819 2185 1863 2210 est
1897 2190 1956 2209 om.

131 2236 186 2267 rC.
213 2237 261 2267 uel
283 2237 362 2268 iuter
386 2248 495 2267 cursus
520 2238 556 2267 R.
609 2237 663 2276 12)
691 2238 729 2266 In
754 2238 812 2266 hoe
837 2236 913 2266 enim
938 2236 1060 2266 mvafh.
1103 2237 1173 2265 Nou
1198 2236 1256 2275 clii]
1285 2247 1355 2275 quos
1379 2238 1476 2267 iratos
1501 2239 1573 2268 uult
1599 2239 1741 2276 intelligi
1769 2238 1805 2267 C.
1833 2248 1857 2267 s.
1885 2242 1959 2267 sunt

141 2294 171 2324 b.
199 2295 284 2333 quod
308 2294 367 2336 Αγ.
403 2299 568 2333 propterea
593 2295 677 2333 quod
703 2294 740 2324 C.
767 2294 838 2324 rell.
864 2293 952 2332 quia.v
985 2293 1079 2323 denuo
1105 2303 1165 2323 om.
1194 2294 1223 2322 2.
1244 2292 1369 2332 pressa]
1406 2303 1557 2331 oppressa
1581 2294 1670 2334 ·[b‚C.
1696 2293 1797 2333 uoces]
1833 2294 1959 2323 inuoces

137 2349 215 2391 ¹(bC.
266 2350 356 2380 Sicut
380 2351 432 2380 sub
457 2352 531 2389 gaio
556 2360 616 2381 ces.
643 2361 670 2393 γ.
697 2352 780 2380 sieut
805 2350 834 2379 ib
859 2351 931 2388 gaio
956 2359 1017 2380 ces.
1045 2350 1084 2379 A.
1134 2350 1276 2379 Subaudl
1300 2352 1391 2380 sicut.
1419 2350 1455 2380 C.
1484 2360 1612 2380 caesare
1638 2361 1726 2389 oppr.
1752 2361 1776 2380 r.
1826 2350 1915 2379 Sicut
1941 2359 1960 2378 a

139 2406 175 2437 C.
202 2407 291 2446 (gaio
310 2407 366 2446 G.)
394 2407 533 2438 Caesare
558 2408 726 2445 Ganvafh,
768 2407 860 2437 Sicut
883 2407 935 2436 sub
961 2406 997 2436 C.
1016 2407 1040 2436 I.
1068 2406 1207 2436 Caesare
1233 2416 1384 2445 oppressa
1401 2407 1495 2436 malis
1513 2408 1593 2436 Deos
1609 2407 1710 2436 orauit
1736 2406 1771 2436 C.
1814 2406 1958 2435 Subaudi

130 2468 198 2493 saut
221 2462 257 2493 C.
284 2463 373 2493 Caes.
400 2464 436 2493 R.
487 2466 542 2504 14)
569 2467 735 2503 rogauerat
760 2464 800 2493 A.
826 2467 913 2503 royac
936 2472 991 2504 ⁴s‚r.
1028 2464 1097 2493 rell.
1122 2463 1258 2502 rogauit.
1299 2463 1377 2492 malo
1402 2464 1424 2493 i.
1450 2464 1648 2493 aduersitate
1683 2465 1713 2493 2.
1764 2462 1820 2500 15)
1851 2462 1960 2495 Quam-

130 2519 176 2549 uis
201 2529 225 2549 s.
258 2520 297 2549 ab
323 2519 529 2550 inferioribus
562 2520 653 2550 iactes
684 2530 710 2562 γ.
761 2518 918 2558 Qaauuis]
947 2529 971 2548 s.
997 2520 1040 2548 sis
1067 2520 1105 2548 ab
1133 2518 1279 2549 inferiori
1306 2520 1405 2549 iactes
1431 2521 1460 2549 b.
1501 2529 1607 2549 nomen
1631 2518 1750 2557 inutile]
1777 2523 1811 2547 te
1835 2526 1904 2547 esse
1929 2519 1960 2546 b.

132 2586 156 2605 s.
182 2577 283 2606 iactes
309 2580 341 2606 te
368 2586 435 2606 esse
459 2586 484 2618 γ.
526 2581 553 2606 et
574 2578 686 2615 Pomp.
713 2576 834 2606 mvafh.
876 2576 993 2605 mitrid.
1021 2580 1110 2614 pont.
1143 2575 1317 2614 triumphat
1340 2585 1366 2617 γ,
1418 2576 1473 2614 18)
1501 2577 1638 2605 tumidus
1663 2585 1679 2616 γ
1710 2579 1744 2604 ut
1771 2575 1840 2604 cod.
1868 2574 1959 2603 Leid.

134 2631 300 2671 (Sealig)
327 2633 348 2662 i.
373 2636 512 2662 scemata
537 2633 594 2674 Αγ.
643 2632 677 2662 Si
702 2633 743 2661 ad
767 2633 885 2662 lemma
916 2632 969 2661 Nil
987 2632 1078 2671 pictis
1104 2635 1163 2661 ete.
1199 2632 1278 2662 haee
1305 2633 1467 2670 expositio
1494 2633 1646 2670 pertinet,
1681 2631 1886 2660 scribendum
1912 2640 1961 2659 ar-

134 2688 237 2717 bitror
262 2686 414 2731 σχήματα
439 2699 464 2718 s.
490 2689 651 2726 schemata,
676 2699 740 2719 non
765 2687 932 2730 στέμματα
958 2697 981 2716 s.
1010 2693 1179 2724 stemmata,
1219 2692 1332 2726 utpote
1375 2698 1454 2726 quae
1491 2692 1566 2716 sunt
1591 2696 1726 2717 coronae
1751 2688 1802 2716 uel
1827 2696 1961 2725 proauo-

132 2753 202 2773 rum
228 2745 398 2782 imagines,
424 2749 501 2774 tunc
527 2746 611 2774 enim
624 2745 751 2784 fiyurae
775 2745 898 2774 deorum
924 2745 1165 2783 intellegendae
1198 2749 1272 2774 sunt
1304 2745 1360 2773 sub
1387 2745 1483 2781 pictis
1508 2745 1684 2781 puppibus⁷
1718 2753 1781 2773 non
1807 2743 1962 2782 ‘imayivzes

135 2810 215 2839 quae
247 2802 479 2831 comitarentur
511 2802 681 2840 gentilicia
712 2802 823 2831 funera
861 2825 867 2831 .
902 2824 909 2831 .
944 2803 1108 2831 Stemmata
1141 2811 1216 2831 uero
1242 2801 1337 2829 lineis
1363 2800 1583 2828 discurrebant
1609 2800 1650 2828 ad
1674 2799 1818 2838 imaqines
1837 2799 1960 2837 pictas.⁷

134 2857 218 2887 Plin.
244 2857 286 2887 H.
311 2858 350 2887 N.
376 2858 513 2896 XXXV,
542 2859 571 2887 2.
626 2857 708 2888 Dicit
737 2862 891 2888 stemmata
914 2859 1002 2896 uulg.
1028 2859 1126 2887 lectio
1158 2862 1206 2887 est
1238 2866 1314 2885 rece.
1340 2856 1431 2885 codd.
1459 2859 1489 2886 et
1516 2857 1655 2885 omnium
1681 2856 1746 2885 fere
1771 2856 1960 2885 editionum.

137 2912 223 2948 Quae
253 2923 316 2943 non
347 2918 456 2952 potest
490 2914 631 2951 defendi,
665 2914 728 2943 nisi
760 2918 863 2944 antec.
890 2923 1000 2943 uersus
1028 2915 1077 2943 11.
1106 2916 1156 2943 12.
1187 2913 1236 2944 13.
1283 2915 1352 2941 toto
1378 2912 1436 2941 hoc
1462 2912 1582 2941 scholio
1609 2913 1765 2950 explicari
1797 2912 1960 2941 statueris.

136 2967 242 2999 Schol.
269 2980 330 3000 om.
356 2980 380 2999 r.
430 2969 473 3000 C:
506 2967 727 3012 ἀλληγορικὼς
760 2971 807 2999 ait
839 2971 923 3000 nihil
953 2971 1106 3008 prodesse
1139 2971 1171 2998 in
1196 2969 1281 2998 bello
1305 2971 1459 2996 stemmata
1492 2972 1523 2997 et
1555 2969 1737 2997 nobilitatis
1762 2971 1960 2997 ornamenta.

137 3025 217 3055 conf.
242 3025 360 3064 Porph.
400 3026 457 3064 20)
488 3024 565 3055 Caue
590 3035 646 3064 pro
672 3035 784 3055 caueas
809 3027 857 3067 Tb.
885 3027 917 3055 in
943 3027 1012 3056 rell.
1038 3026 1116 3055 haec
1142 3026 1185 3063 gl.
1214 3028 1261 3054 est
1287 3025 1319 3053 in
1345 3024 1450 3053 mixta
1466 3024 1592 3061 Ordini⁷
1619 3033 1712 3062 quein
1739 3029 1767 3054 et
1793 3025 1826 3053 h.
1853 3024 1874 3053 1.
1901 3033 1962 3053 om.

137 3080 176 3111 A.
226 3081 284 3120 22)
311 3081 540 3120 ewperimentum
563 3085 732 3112 uentorum
757 3091 783 3122 γ.

1979 883 2015 913 Η)

1981 1248 2016 1278 15
