2283 3535
341 242 424 282 390
971 251 1065 283 ACR
1101 251 1162 283 ΕΤ
1188 250 1526 283 PourH.COMNL

452 376 520 415 49.
553 382 662 429 teque
684 374 720 415 d.
736 374 924 429 procedis
945 375 984 415 io
1006 382 1056 415 tr.
1114 372 1188 414 Ad
1218 373 1357 427 ipsum
1386 372 1645 428 triumphum
1676 386 1902 414 conuersus
1931 373 2036 414 haec
2057 373 2172 414 dicit.

453 448 518 488 50.
550 461 631 487 non
661 447 779 488 semel
809 447 980 488 dicemus
1011 447 1049 487 io
1081 454 1130 487 tr.
1163 462 1194 487 c.
1227 447 1367 487 omnis.
1440 444 1551 486 Nota
1581 445 1718 500 figura
1748 453 1830 496 est,
1876 444 1950 500 (A.
1981 445 2016 495 I,
2047 446 2171 500 212):

340 522 447 560 Pars
477 521 518 560 in
545 519 682 573 frusta
713 527 861 567 secant,
892 526 932 560 et
963 518 1101 573 (Hom.
1131 517 1182 559 Il.
1212 517 1270 568 H,
1303 518 1426 573 278):
1460 518 1515 562 ὥς
1546 519 1681 572 φάσαν
1713 519 1737 571 ἡ
1769 517 1941 572 πληθύς,
1987 518 2067 560 hoc
2097 524 2172 567 est,

338 599 384 632 ut
413 591 611 633 dicebant
641 591 796 646 plures.

273 676 291 704 5
454 666 519 706 53.
553 673 587 706 te
618 665 655 705 d.
687 672 711 704 t.
772 662 869 704 Hoc
901 663 955 703 ad
985 661 1133 703 Julum
1164 662 1276 703 dicit.

453 739 518 779 54.
551 752 601 778 m.
632 745 656 778 t.
688 752 718 777 s.
750 737 819 776 uit.
880 733 1027 776 Soluet
1057 734 1198 776 debito
1228 734 1389 776 scilicet
1417 735 1505 776 uoti
1536 735 1733 791 suscepti.

453 811 517 851 57.
548 811 602 863 fr.
634 823 665 849 c.
696 810 719 849 i.
750 809 852 862 iqm's
889 816 912 848 t.
953 808 976 848 l.
1016 822 1049 848 r.
1089 808 1231 849 orbem.
1305 806 1532 857 Vitulum,'
1559 822 1641 862 quo
1679 813 1823 849 uotum
1861 806 2070 849 soluturus
2107 806 2173 857 sit,

339 881 443 923 dicit
472 895 629 922 cornua
658 879 816 921 habere
846 879 993 920 tertiae
1024 879 1148 921 lunae
1180 880 1485 935 comparabilia
1514 880 1540 921 i.
1573 894 1607 921 e.
1640 880 1778 922 adhuo
1809 895 1955 935 parua.

453 956 518 995 59.
551 969 630 1010 qua
660 968 700 995 n.
733 954 771 994 d.
803 968 842 994 η.
875 968 914 995 u.
947 962 1078 995 cetera
1108 954 1137 1007 f.
1206 952 1380 994 Diserta
1410 960 1450 993 et
1480 953 1653 1008 elegans
1684 953 1874 994 elocutio.
1951 952 2176 1009 Significat

272 1038 312 1070 10
338 1034 489 1076 autem,
536 1026 713 1068 uitulum
733 1027 844 1067 hunc
875 1026 1015 1067 albam
1045 1026 1226 1067 frontem
1246 1032 1407 1066 tantum
1433 1025 1602 1075 habere,
1633 1025 1678 1066 in
1709 1032 1873 1067 caetero
1895 1039 2070 1081 corpore
2090 1024 2173 1067 ful-

337 1116 439 1142 uum
470 1100 496 1141 i.
530 1114 566 1142 e.
597 1101 736 1143 rufum
767 1114 868 1142 esse.

983 1251 1308 1307 CARMEN
1349 1252 1447 1318 IV,
1488 1253 1533 1305 3.

1163 1361 1352 1405 ACRON.

457 1468 585 1517 Quem
619 1474 662 1506 tu
683 1467 739 1509 M.
771 1481 802 1505 s.
863 1463 960 1505 Hac
991 1463 1070 1505 ode
1102 1463 1308 1512 adfirmat,
1341 1461 1413 1516 qui
1433 1460 1655 1502 Musarum
1685 1460 1867 1516 gratiam
1897 1461 1941 1502 in
1971 1461 2075 1517 ipsis
2105 1476 2173 1503 or-

335 1546 401 1580 tus
440 1538 503 1580 sui
543 1538 677 1579 initiis
714 1536 934 1586 meruerit,
983 1535 1116 1592 [eum]
1155 1535 1260 1576 nulli
1296 1534 1370 1576 alii
1406 1534 1613 1590 aptiorem
1650 1534 1711 1575 rei
1746 1535 1836 1576 fore
1874 1549 2000 1589 quam
2036 1534 2173 1577 studio

335 1612 539 1668 poeticae,
572 1620 611 1652 et
643 1610 861 1666 subiungit
890 1609 1036 1650 laudes
1067 1609 1255 1650 deorum.

450 1686 489 1726 4.
523 1685 696 1726 clarabit
716 1684 908 1740 puqz'lem.
966 1681 1123 1723 Notum
1154 1680 1349 1723 omnibus
1368 1681 1505 1722 faciet.
1566 1681 1732 1734 Puyiles
1766 1694 1868 1722 uero
1898 1679 2078 1721 athletae
2107 1679 2173 1721 di-

271 1769 312 1801 20
339 1765 490 1800 cuntur
522 1772 571 1799 eo
604 1757 717 1812 quod
747 1756 904 1813 pugnis
934 1755 1114 1797 ualeant.

448 1846 528 1873 non
559 1845 682 1887 equus
713 1832 739 1871 κ’.
798 1829 849 1870 Ι(1
881 1835 954 1877 est,
989 1827 1099 1884 [qui]
1133 1842 1269 1882 neque
1300 1826 1483 1881 equestri
1514 1825 1743 1867 certamine
1774 1826 1985 1868 enitescet.

449 1906 485 1945 5.
518 1904 708 1945 Achaico.
770 1900 960 1950 Graec03
992 1901 1103 1942 unde
1134 1900 1309 1956 aurigae
1339 1900 1502 1941 famosi.

449 1979 485 2018 6.
517 1992 641 2032 neque
671 1992 705 2017 r.
737 1977 768 2017 Ι).
827 1975 925 2017 Non
953 1976 1139 2016 futurum
1168 1973 1346 2014 militem
1377 1972 1451 2014 sed
1475 1978 1643 2027 poetam
1665 1972 1784 2014 lauro
1804 1970 2021 2028 Apollinis
2051 1986 2170 2014 coro-

338 2049 536 2091 nandum.

268 2134 309 2164 25
478 2124 515 2164 8.
547 2124 652 2179 quod
682 2137 716 2163 r.
748 2131 772 2163 t.
805 2138 838 2163 e.
869 2136 919 2162 m.
982 2120 1110 2173 Quod
1140 2120 1274 2161 uictos
1304 2132 1426 2173 reges
1462 2118 1507 2158 in
1536 2118 1739 2174 triumphi
1770 2133 1971 2174 pompam
2000 2118 2053 2160 ad
2084 2116 2170 2160 Ca-

337 2195 530 2250 pitolium
562 2195 709 2244 ducat3
741 2210 840 2236 nam
871 2201 911 2235 et
940 2193 1121 2235 uictores
1152 2192 1280 2234 duces
1309 2191 1428 2232 lauro
1460 2191 1782 2233 coronabantur.

448 2277 483 2315 3)
510 2281 539 2306 et
566 2295 594 2297 —
610 2278 717 2315 plures
742 2286 803 2305 om.
829 2276 877 2305 fh.
895 2293 935 2296 ——
950 2271 1064 2309 πλιθος
1090 2274 1180 2312 2G‚r.
1206 2270 1328 2308 πλυθυς
1353 2283 1382 2302 ν.
1408 2269 1534 2314 πληθυς
1557 2273 1665 2310 MA‚a.
1692 2274 1952 2312 osphorapantus
1967 2272 2045 2313 (sic)
2060 2283 2169 2312 quem-

334 2333 506 2363 admodum
532 2333 561 2361 d.
588 2343 618 2371 p.
644 2333 680 2362 R.
730 2333 765 2371 5)
792 2334 877 2362 ulum
902 2331 967 2361 MG
993 2330 1105 2370 (corr.)
1154 2330 1188 2368 9)
1217 2331 1329 2368 signat
1356 2339 1422 2359 rva.
1450 2329 1582 2368 lusi-quat
1605 2328 1650 2358 fh.
1703 2329 1758 2367 10)
1785 2329 1898 2359 ceteris
1921 2329 1965 2359 M.

446 2388 603 2419 ACRON.
652 2390 701 2418 Dc
728 2398 761 2418 se
787 2389 928 2418 referens
954 2388 1093 2417 uirtutes
1112 2387 1253 2424 poetices·
1270 2386 1487 2423 prosequitur.
1535 2385 1585 2414 Ad
1610 2385 1825 2430 melysomeneu
1844 2395 1969 2415 musam
1986 2387 2168 2423 proseutiee

334 2445 508 2475 tetracolos
526 2445 555 2474 A
571 2445 660 2481 Hor„
686 2455 804 2484 ymnus
831 2446 863 2474 in
889 2445 992 2483 plenis
1019 2444 1157 2481 speciem
1183 2442 1210 2470 A
1234 2441 1309 2471 Aer.
1340 2441 1525 2471 Proseutice
1550 2441 1723 2471 tctracolos
1750 2442 1788 2470 de
1816 2450 1850 2470 se
1876 2441 2019 2471 referens
2047 2445 2078 2471 et
2098 2441 2168 2472 'uir-

334 2506 420 2531 tutes
446 2503 588 2539 poetices
615 2504 821 2540 prosequitur
847 2502 887 2530 ad
912 2502 1136 2538 melpomenen
1162 2508 1285 2528 musam
1311 2508 1337 2539 γ.
1386 2498 1439 2527 Ad
1463 2507 1585 2526 musam
1610 2498 1723 2526 scribit
1749 2507 1783 2526 se
1801 2507 1872 2527 esse
1890 2497 2018 2527 felicem
2042 2498 2072 2527 b.
2118 2497 2168 2527 Ad

334 2567 457 2587 musam
481 2558 527 2587 leis
551 2557 671 2596 scriptis
696 2567 730 2587 se
756 2568 825 2588 esse
851 2557 978 2587 felicem
1004 2557 1046 2593 D,
1074 2574 1113 2576 —
1141 2556 1283 2585 ostendit
1311 2555 1399 2597 ΒφΡ.
1426 2554 1475 2583 De
1502 2563 1535 2583 se
1559 2553 1617 2583 ref.
1643 2554 1720 2582 uirt.
1746 2554 1889 2591 poeticas
1914 2563 1998 2592 pros.
2024 2554 2065 2584 ad
2089 2554 2168 2583 mel-

333 2623 491 2652 pomenen
516 2623 650 2643 musam.
678 2614 819 2651 speuticc
846 2613 1030 2642 teti-aeolos.
1073 2612 1113 2640 ad
1139 2620 1260 2639 musam
1287 2611 1418 2648 scriptis
1445 2620 1477 2639 se
1504 2619 1572 2639 esse
1598 2610 1726 2639 felicem
1751 2609 1789 2646 E,
1814 2620 1872 2639 om.
1899 2611 1960 2640 his.
2008 2610 2061 2640 Ad
2087 2620 2167 2640 mus.

334 2671 430 2708 melp.
457 2670 508 2700 his
534 2671 664 2707 scriptis
692 2680 724 2699 se
749 2680 817 2698 esse
843 2669 967 2698 felicem
994 2668 1089 2697 Bern.
1118 2666 1171 2695 BC
1198 2666 1275 2704 (om.
1303 2667 1413 2705 melp.)

451 2726 506 2766 16)
531 2727 595 2756 ads.
621 2726 682 2766 Μγ.
735 2726 789 2764 17)
816 2725 879 2754 sut's
904 2725 967 2761 I{‚r.
996 2725 1027 2753 in
1052 2727 1119 2752 ortu
1144 2732 1196 2752 suo
1221 2733 1296 2752 mer.
1323 2733 1386 2752 vm.
1405 2740 1445 2742 —
1466 2732 1536 2752 eum
1561 2733 1621 2752 om.
1639 2723 1754 2760 A12‚1·.
1806 2723 1861 2761 18)
1886 2722 2005 2761 poetice
2029 2721 2166 2764 Abess.

333 2785 475 2821 poeticae
501 2784 519 2812 2
545 2783 660 2820 Porph.
688 2782 755 2810 rell.
783 2782 916 2819 poetico.
944 2781 1080 2818 poetices
1105 2779 1139 2809 C.
1167 2779 1232 2820 *be
1257 2780 1375 2808 habeut
1403 2780 1502 2809 schol.
1520 2780 1761 2818 Porphyrionis.
1813 2780 1868 2818 19)
1893 2779 2036 2808 lemmati
2054 2777 2166 2807 addidi

329 2840 460 2878 pzcyilem
485 2839 593 2869 faciet.
619 2836 768 2876 quse'lem]
798 2837 929 2875 l'ugiles
954 2837 1034 2865 athl.
1062 2836 1108 2871 fh,
1147 2845 1206 2865 oin.
1232 2845 1312 2864 uero.
1340 2835 1470 2864 elaram't
1493 2835 1522 2864 A
1549 2836 1581 2864 in
1607 2836 1724 2873 lennn„
1762 2834 1889 2864 clarabit
1919 2835 1953 2863 in
1986 2834 2063 2864 Hor.
2096 2833 2168 2863 fecit

332 2895 401 2924 AR.
430 2895 523 2924 faciet
547 2893 594 2924 20
622 2894 841 2934 (nobilitabit,
867 2903 917 2922 no.
944 2902 1027 2922 omn.
1055 2892 1114 2930 fa.)
1140 2892 1176 2927 Q.
1203 2891 1387 2921 nobilitabit
1414 2892 1457 2928 gl.
1475 2901 1502 2933 γ,
1529 2901 1588 2921 oin.
1615 2901 1666 2921 no.
1691 2901 1774 2921 omn.
1793 2891 1835 2920 sa.
1854 2890 1962 2920 feccrit
1985 2899 2067 2919 omn.
2094 2889 2164 2918 edd.

334 2951 392 2989 20)
418 2951 528 2979 ualent
555 2949 590 2979 C.
657 2950 713 2988 21)
740 2951 792 2987 qni
819 2949 862 2977 fh.
891 2950 958 2978 rell.
985 2958 1046 2978 oin.
1073 2958 1166 2987 neque
1193 2949 1222 2977 2.
1256 2948 1325 2976 rell.
1353 2957 1419 2976 uec.
1448 2948 1516 2977 Hoc
1542 2949 1638 2978 schol.
1665 2957 1726 2977 om.
1754 2957 1770 2988 γ
1795 2952 1829 2976 ut
1855 2947 1953 2976 uerba
1976 2945 2098 2984 Paqiles
2122 2963 2165 2966 —

330 3005 462 3035 ualeant.
513 3006 570 3044 22)
597 3006 629 3034 id
656 3011 705 3035 est
739 3014 831 3043 greco
857 3005 1039 3043 quadrigali
1068 3005 1245 3034 certamine
1263 3013 1289 3044 γ,
1316 3013 1375 3032 uin.
1403 3004 1485 3033 unde
1510 3015 1577 3033 aur.
1604 3004 1679 3034 fani.
1706 3003 1789 3032 conf.
1808 3003 1922 3040 Porph.
1940 3010 2045 3040 greco,
2071 3011 2165 3030 curru

331 3063 526 3100 quadriiugo
554 3062 589 3091 G.
651 3062 708 3099 23)
734 3062 845 3099 Neque
870 3062 928 3090 snt.
957 3062 985 3090 2.
1063 3062 1121 3098 25)
1148 3060 1212 3095 Qui
1237 3060 1334 3089 uictos
1359 3059 1478 3096 AR2‚1·.
1506 3061 1574 3089 rell.
1605 3060 1690 3093 Quod
1713 3060 1847 3088 uinctos.
1874 3067 2018 3096 pompam
2041 3057 2162 3094 AR2,1·.

331 3118 399 3147 rell.
427 3128 552 3155 pompa.
603 3118 637 3156 3)
664 3118 756 3147 ducat
781 3127 865 3147 omn.
892 3117 977 3145 libri.
1004 3116 1127 3145 dua-eric
1152 3116 1251 3145 tacite
1276 3116 1392 3144 iuculc.
1421 3116 1460 3150 Q.
1489 3117 1586 3145 schol.
1613 3125 1673 3145 om.
1700 3116 1748 3156 γῑ),
1776 3115 1830 3152 qui
1857 3115 1898 3143 ad
1924 3124 1953 3143 u.
1981 3115 1998 3143 6
2025 3114 2161 3143 habeut:

330 3175 392 3204 hoc
418 3179 478 3211 est,
503 3183 605 3212 neque
625 3184 674 3202 res
701 3174 817 3202 bellica
844 3173 986 3210 (publiea
1012 3172 1053 3211 C)
1081 3182 1151 3201 cum
1176 3172 1329 3202 ostendet
1355 3172 1506 3208 capitolio
1533 3171 1785 3209 triumphantem
1809 3170 1915 3200 Deliis
1940 3169 2036 3199 foliis.
2055 3169 2089 3198 id
2114 3172 2165 3198 est

331 3231 441 3260 laurea
459 3240 585 3267 corona,
606 3240 666 3267 qna
687 3230 925 3266 triumphantes
943 3229 1187 3264 coronabantur,
1208 3232 1237 3257 ul
1261 3228 1327 3264 i1›.--o
1346 3227 1415 3265 (1V,
1436 3230 1465 3262 2,
1486 3227 1561 3265 35):
1580 3226 1687 3256 merita
1704 3224 1953 3265 decorusswnde
1970 3223 2162 3265 Syyambros.
