2283 3535
300 1050 339 1081 10

297 2155 336 2185 25

367 250 450 290 422
1006 260 1111 292 Aen.
1138 261 1199 292 ET
1224 260 1391 292 PORPH.
1417 260 1565 293 coMM.

483 385 547 424 24.
577 383 701 438 plena
733 383 771 423 d.
803 399 840 424 u.
872 385 896 424 τ’.
929 384 965 424 d.
1026 383 1088 425 Ut
1119 384 1251 439 gratis
1282 398 1471 439 pascam,
1502 384 1610 425 sicut
1640 384 1792 425 diuites
1823 391 2140 425 consueuerunt.

481 457 547 496 26.
579 457 685 510 nzyr.
718 470 767 497 m.
800 457 836 497 d.
869 456 893 496 l.
924 458 949 497 τ’.
1021 456 1294 512 Lugubrium
1325 456 1502 512 ignium,
1546 465 1592 498 ut
1621 471 1782 498 memor
1811 457 1958 499 mortis
1996 457 2198 499 laetitiam

366 544 450 571 non
481 536 657 570 recuset.

480 604 545 643 27.
576 604 696 644 misce
725 611 772 643 st.
805 617 835 643 c.
868 603 900 643 b.
960 601 1112 644 Breuis
1144 603 1346 657 temporis
1376 603 1520 644 otium.

481 677 545 717 28.
579 676 694 717 dulce
725 691 753 716 e.
789 676 825 716 d.
858 677 882 716 i.
915 677 939 717 l.
1000 675 1050 715 Id
1081 682 1162 717 est:
1209 675 1437 717 iucundum
1475 684 1536 718 est
1565 691 1590 718 a
1621 676 1842 718 seueritate
1873 676 2090 718 discedere
2121 677 2198 718 ali-

368 748 548 802 quando.

1108 879 1461 923 PORPHYRION.

477 968 568 1009 Iam
598 983 637 1009 u.
671 983 701 1009 e.
735 983 767 1023 q.
800 983 849 1009 m.
873 976 897 1010 t.
918 970 997 1025 inp.
1021 985 1055 1009 a.
1081 970 1105 1010 l.
1132 970 1228 1011 Thr.
1287 968 1529 1025 Vergilium
1560 969 1812 1024 adloquitur.
1871 969 2030 1010 Iterum
2061 975 2199 1011 autem

366 1040 477 1081 ueris
508 1047 673 1095 tempus
704 1041 918 1083 describit.
980 1039 1180 1083 Ceterum
1212 1043 1369 1083 am‘mas
1399 1056 1476 1096 pro
1513 1041 1680 1083 flatibus
1719 1049 1940 1083 uentorum
1976 1042 2199 1085 usitatissi-

364 1128 479 1154 mum
510 1120 572 1156 est
600 1114 747 1169 poetis.
828 1113 902 1156 Sic
933 1114 1115 1169 denique
1154 1116 1263 1171 Verq.
1311 1113 1385 1170 (A.
1417 1114 1542 1166 VIII,
1573 1116 1676 1171 403)
1708 1115 1785 1156 ait:
1837 1117 2045 1167 Quantum
2088 1118 2200 1172 iqnes

365 1189 596 1243 animaeque
627 1188 775 1229 ualent.

478 1262 515 1303 3.
545 1263 627 1303 ¹iam
657 1277 696 1303 n.
719 1277 763 1318 p.
796 1275 829 1302 r.
862 1276 900 1303 η.
930 1262 971 1318 fl
1003 1270 1049 1303 st.
1082 1261 1158 1303 kib.
1190 1276 1228 1303 η.
1272 1270 1296 1303 t.
1371 1260 1506 1316 Atqui
1544 1261 1657 1303 ueris
1698 1268 1886 1317 tempore
1923 1262 2200 1305 intumescere

363 1334 538 1376 flumina
569 1335 792 1390 incipiunt.

476 1411 516 1449 4.
548 1409 625 1450 kib.
659 1410 750 1451 niue
783 1417 887 1463 [ary.
947 1407 1154 1450 Adultum
1184 1408 1269 1450 iam
1298 1408 1411 1450 ueris
1442 1415 1607 1464 tempus
1638 1408 1726 1450 uult
1757 1408 1962 1465 intellegi,
2001 1410 2198 1464 quoniam

363 1482 437 1523 nix
469 1481 605 1524 omnis
637 1482 782 1538 elapsa
813 1489 885 1524 est.

477 1557 514 1597 5.
547 1571 584 1597 n.
610 1572 652 1612 p.
685 1557 717 1596 I.
747 1557 787 1612 fl.
818 1571 854 1611 q.
888 1557 960 1610 inf.
992 1571 1029 1597 a.
1088 1555 1286 1597 Procnen
1316 1570 1365 1597 ac
1396 1570 1471 1610 per
1502 1556 1580 1597 hoc
1616 1555 1888 1597 hirundinem
1919 1556 2142 1613 significat.

479 1630 515 1670 6.
548 1637 583 1671 et
614 1630 827 1685 Cecropiae
860 1630 896 1670 d.
931 1637 1004 1671 aet.
1037 1630 1219 1685 obprobr.
1285 1630 1476 1685 Cecropia
1508 1630 1661 1679 domus,
1695 1629 1894 1684 quoniam
1917 1628 2201 1671 Athenienses

363 1704 555 1752 fuerunt3
590 1702 780 1758 Cecrops
811 1710 951 1744 autem
983 1701 1311 1744 Atheniensium
1343 1702 1439 1744 dux.

478 1779 514 1817 7.
547 1778 584 1819 8.
617 1778 723 1833 quod
752 1792 802 1818 m.
825 1793 856 1818 c.
889 1791 924 1818 r.
957 1792 987 1817 e.
1018 1792 1058 1818 u.
1092 1777 1116 1818 l.
1176 1775 1289 1817 Nota
1318 1775 1495 1818 historia
1525 1783 1586 1817 est
1606 1775 1806 1826 Procnes,
1840 1790 1947 1831 quae
1977 1776 2200 1833 obstupra—

363 1858 450 1891 tam
480 1856 520 1891 et
550 1849 698 1906 lingua
729 1849 992 1891 debilitatam
1022 1849 1304 1891 Philomelam
1335 1864 1521 1891 sororem
1553 1864 1575 1890 a
1607 1849 1744 1891 Tereo
1775 1848 1926 1891 marito
1955 1849 2089 1891 filium
2120 1849 2201 1892 sibi

364 1938 629 1966 communem
660 1930 700 1964 et
729 1923 792 1964 illi
823 1930 863 1964 et
892 1922 990 1978 Ityn
1010 1922 1179 1964 nomine
1201 1923 1355 1964 occidit
1377 1930 1416 1964 et
1437 1922 1695 1978 epulandum
1717 1922 1962 1978 inprudenti
1983 1923 2180 1979 opposuit
2187 1940 2198 1974 3

364 1997 514 2038 deinde
545 1997 687 2052 palam
718 1997 829 2038 facto
858 1996 1046 2038 facinore
1077 2011 1172 2038 cum
1203 1997 1368 2051 fugeret
1399 2011 1494 2037 cum
1525 2010 1667 2038 sorore
1694 1996 1893 2038 infestum
1914 1996 2125 2048 maritum,
2157 1997 2202 2038 in

362 2070 634 2112 hirundinem
656 2077 697 2111 et
716 2069 939 2112 lusciniam
959 2069 1278 2126 transfiguratas
1300 2083 1389 2111 esse
1414 2069 1632 2127 [fingunt]9
1668 2070 1807 2125 ipsum
1830 2085 1996 2125 quoque
2017 2070 2201 2112 Tereum

364 2144 409 2185 in
438 2159 626 2200 upupam
658 2158 780 2186 auem
812 2158 902 2186 esse
933 2158 1194 2185 conuersum.

479 2219 543 2258 11.
577 2219 644 2259 cai
664 2234 705 2274 p.
739 2233 769 2259 e.
800 2232 839 2259 n.
863 2232 894 2259 e.
919 2220 963 2259 A.
989 2218 1046 2273 pl.
1106 2216 1227 2259 Pana
1256 2216 1512 2272 pastoralem
1542 2215 1759 2259 Arcadiae
1790 2217 1916 2259 deum
1948 2216 2077 2276 [esse]
2111 2217 2199 2274 sig-

364 2291 518 2333 nificat.

479 2365 544 2406 15.
576 2366 656 2406 z'uv.
678 2365 766 2406 nob.
791 2365 838 2406 el.
897 2362 1084 2420 Augusti
1125 2371 1165 2405 et
1184 2362 1447 2406 Maecenatis
1458 2380 1468 2413 3
1501 2372 1572 2405 aut
1611 2364 1817 2419 numquid
1855 2364 2073 2407 Neronum
2112 2364 2200 2420 pri-

364 2438 591 2494 uignorum
621 2437 809 2494 Augusti
840 2437 967 2479 dicit?

482 2514 547 2554 17.
580 2513 715 2555 Nardz·
739 2527 864 2568 paru.
897 2526 1016 2566 onyx.
1078 2509 1207 2565 Onyx
1238 2525 1372 2567 genus
1402 2511 1614 2567 ampullae
1650 2518 1712 2554 est
1731 2526 2005 2562 marmoreae,
2041 2511 2200 2554 iocula-

363 2586 467 2627 riter
497 2592 636 2627 autem
667 2585 835 2628 dicens:
884 2583 933 2627 Si
963 2583 1165 2626 adtuleris
1194 2591 1470 2640 unguentum,
1517 2591 1605 2626 tum
1650 2585 1820 2627 demum
1864 2599 1944 2642 ego
1988 2585 2199 2641 proferam

365 2659 512 2701 uinum
545 2658 765 2701 Calenum.

483 2753 516 2791 1)
544 2753 610 2782 sch.
639 2762 700 2782 om.
727 2752 767 2782 A.
795 2752 1008 2791 cons.sacere
1034 2753 1064 2781 2.
1129 2752 1167 2791 2)
1193 2751 1376 2790 lugubrium
1403 2752 1423 2780 i.
1450 2751 1655 2782 infernalium
1682 2754 1710 2782 2.
1736 2753 1806 2791 rogi
1833 2756 1864 2782 et
1892 2753 2004 2783 mortis
2031 2751 2067 2782 C.
2093 2753 2126 2782 id
2152 2757 2201 2783 est

364 2810 478 2839 mortis
504 2814 536 2838 et
566 2810 636 2847 rogi
667 2819 694 2851 γ.
720 2809 843 2849 iynium.
877 2810 992 2847 quibus
1024 2809 1182 2839 cadauera
1214 2808 1469 2838 incendebantur
1500 2809 1520 2837 i.
1553 2810 1657 2838 sciens
1688 2813 1720 2838 te
1753 2810 1941 2839 moriturum
1967 2810 2008 2838 da
2039 2810 2200 2839 conuiuiis

367 2875 494 2902 operam
520 2866 686 2903 paululum
711 2869 741 2895 et
768 2866 841 2895 ludo
867 2875 892 2906 γ.
944 2866 978 2904 5)
1004 2866 1079 2903 aliq.
1107 2866 1183 2895 disc·
1209 2860 1297 2902 A,fh.

480 2922 634 2952 PORPH.
686 2922 755 2952 Ode
782 2922 818 2952 C.
847 2923 888 2951 ad
912 2923 1081 2960 virgilium
1106 2922 1358 2960 unguentarium
1383 2921 1418 2949 R.
1469 2921 1503 2959 9)
1531 2923 1596 2959 inp.
1624 2922 1666 2951 M.
1693 2923 1810 2951 iterum
1836 2925 1863 2951 et
1886 2931 2016 2951 annuum
2042 2922 2128 2951 ueris
2153 2921 2199 2951 fh.

369 2978 423 3016 13)
448 2977 552 3016 Adqui
578 2978 621 3006 M.
675 2979 730 3017 17)
758 2988 898 3016 procncn
922 2979 966 3009 M.
998 2978 1142 3016 Caeci-op.
1170 2978 1250 3017 (ter)
1278 2978 1353 3007 MG.
1404 2977 1460 3016 19)
1486 2978 1610 3008 fuerunt
1637 2988 1720 3008 omn.
1747 2979 1823 3007 libri
1850 2982 1977 3015 praeter
2003 2977 2041 3015 Q,
2072 2978 2126 3015 qui
2152 2981 2200 3007 ta-

365 3035 428 3063 cite
455 3035 514 3063 inv.
543 3034 671 3063 fuerint.
735 3035 791 3073 20)
819 3036 897 3064 hist.
925 3039 966 3064 est
990 3035 1121 3065 Procnes
1144 3044 1219 3073 quae
1244 3035 1283 3064 ob
1309 3038 1410 3072 stupr.
1438 3034 1481 3064 M.
1531 3035 1618 3064 Nota
1644 3039 1691 3064 est
1706 3033 1821 3073 fabula
1846 3034 1986 3070 Prognes
2012 3033 2049 3062 R.
2074 3033 2198 3071 Vulgo:

364 3090 451 3120 Nota
476 3090 612 3119 historia
639 3094 704 3119 est:
732 3091 852 3128 Progne
876 3091 1098 3129 obstupratam.
1128 3095 1175 3120 est
1202 3091 1300 3120 tacite
1327 3101 1386 3120 om.
1415 3090 1454 3125 Q.
1506 3091 1562 3128 21)
1590 3099 1728 3120 sororem
1753 3094 1836 3119 atreo
1862 3089 1964 3118 MRG.
1991 3098 2008 3118 a
2032 3099 2091 3119 om.
2119 3090 2199 3126 2‚1·v.

365 3147 423 3185 24)
451 3147 576 3183 fingunt
603 3146 649 3174 fh.
678 3147 746 3174 rell.
773 3157 834 3175 om.
886 3148 942 3185 25)
969 3157 1037 3177 esse
1063 3157 1122 3177 om.
1143 3148 1189 3177 fh.
1239 3147 1296 3185 26)
1324 3147 1454 3176 archad·
1474 3147 1516 3175 M.
1545 3156 1612 3176 esse
1639 3157 1698 3175 oni.
1718 3145 1842 3175 MRQG.
1892 3146 1950 3184 28)
1976 3149 2008 3175 et
2033 3155 2092 3175 om.
2110 3144 2200 3175 vafh.

364 3204 519 3241 numquid
544 3203 635 3232 codd.
664 3204 823 3233 nobilium
849 3204 954 3233 rvash.
1005 3205 1062 3244 30)
1090 3205 1158 3234 Hoc
1185 3204 1283 3233 schol.
1309 3204 1444 3232 leuitate
1471 3212 1527 3231 sna
1553 3203 1662 3232 omisit
1681 3202 1719 3237 Q.
1747 3202 1844 3241 Onyx
1872 3203 1903 3231 in
1921 3203 2039 3238 lemm.y
2064 3201 2141 3230 onix
2166 3201 2199 3230 in

366 3261 432 3289 sch.
460 3260 503 3288 M.
530 3264 572 3288 esc
596 3269 655 3289 oni.
684 3260 754 3288 cdd.
780 3261 882 3289 adtul.
911 3261 952 3290 M.
981 3265 1043 3290 tum
1067 3260 1193 3290 MAR2.
1221 3264 1304 3290 tuum
1330 3261 1410 3296 2,rv.
1437 3269 1496 3288 oni.
1523 3259 1589 3288 afh.
1616 3259 1740 3288 domum
1765 3268 1792 3287 a.
