2283 3535
348 171 429 212 526
981 183 1087 216 ACR.
1113 184 1173 216 ET
1198 183 1364 217 PORPH.
1390 184 1537 217 COMM.

754 408 809 479 †)
858 407 1234 462 CANIDIAE
1277 407 1697 464 RESPONSIO.

459 528 580 570 Haec
610 529 830 585 inscriptio
862 530 1032 571 alterius
1063 529 1194 583 partis
1225 530 1349 585 epodi
1382 545 1474 572 cum
1512 545 1637 572 uersu
1678 533 1730 572 53
1762 530 2006 587 incipientis
2036 530 2174 586 posita

279 609 298 640 5
346 616 371 642 a
401 602 614 644 nonnullis
645 617 752 644 recc.
812 602 980 644 Horatii
1011 602 1242 644 editoribus
1272 603 1315 643 in
1346 610 1442 644 uett.
1466 603 1585 645 libris
1607 619 1690 645 non
1712 604 1933 645 inuenitur.
1992 603 2174 645 Plurimi

345 682 442 717 uett.
475 676 640 718 codices
672 690 806 731 neque
842 674 1160 730 inscriptionem
1191 676 1428 726 ostendunt,
1472 691 1607 730 neque
1637 677 1705 717 uel
1736 677 1885 718 maiori
1924 676 1984 718 lit.
2021 676 2175 717 initiali

346 749 572 790 discrimen
604 749 906 805 significarunt.
966 747 1114 804 Neque
1144 749 1188 789 in
1219 749 1282 790 ed.
1313 749 1507 791 Romana
1534 750 1620 796 ‚hoc
1656 750 1812 791 factum
1852 758 1925 792 est.
1971 749 2053 791 Ed.
2084 749 2173 792 Ve-

345 829 441 863 neta
471 822 635 862 iteranit
666 822 984 877 inscriptionem
1015 822 1166 878 prioris
1202 822 1328 878 epodi
1373 823 1521 878 partis:
1567 822 1634 864 Ad
1683 823 1905 865 Canidiam.
1955 822 2065 865 Cum
2095 826 2171 865 hac

345 895 441 936 fecit
467 895 687 937 Fabricius.
738 895 806 937 Ex
828 896 892 937 ed.
914 895 1031 937 Med.
1053 895 1236 945 Zarothi,
1259 911 1382 950 quam
1404 911 1511 937 unus
1533 911 1584 937 ex
1604 896 1804 939 fratribus
1824 896 1929 939 meis
1950 897 2174 951 aliquande

278 977 319 1010 10
343 967 521 1010 Parisiis
542 984 709 1011 morans
741 969 966 1025 diligenter
997 970 1183 1019 contulit,
1214 969 1319 1009 nihil
1350 976 1535 1010 notatum
1569 970 1760 1026 cognoui.
1840 971 2054 1012 stt-censius
2085 971 2172 1026 (a):

345 1040 453 1083 Ode.
476 1041 646 1082 XVIII.
671 1041 821 1094 Qualis
842 1043 1045 1098 superior.
1086 1041 1155 1084 De
1174 1041 1380 1084 Canidiae
1398 1057 1610 1098 responso.
1658 1044 1778 1085 Cario
1797 1043 1883 1098 (c).·
1904 1042 1968 1084 IN
1990 1041 2175 1085 ODAM

343 1114 514 1155 XVIII.
535 1118 779 1176 Hoene'qerus
796 1117 884 1171 (h):
909 1115 972 1157 IN
990 1114 1314 1166 CANIDIAM,
1337 1115 1461 1157 VEL
1486 1114 1746 1158 CANIDIA
1766 1114 2138 1158 RESPONDEN
2143 1114 2172 1158 S

342 1185 698 1229 INDVCITVR.
778 1188 876 1230 Hoc
921 1188 1158 1245 Hoenigeri
1202 1196 1496 1246 argumentum
1541 1205 1592 1230 ex
1637 1205 1685 1231 eo
1730 1190 1886 1232 factum
1932 1197 2005 1240 est,
2061 1179 2174 1244 quod

342 1260 528 1302 Acronis
559 1261 658 1302 libri
690 1262 880 1304 offerunt.
941 1262 1020 1304 Estv
1049 1270 1188 1304 autem
1224 1263 1322 1304 hoc:

276 1344 318 1377 15
458 1335 522 1375 53.
559 1335 667 1385 Quis]
697 1337 885 1379 obseratis
916 1338 1095 1379 auribus.
1128 1336 1142 1393 Η
1173 1336 1234 1378 Ut
1266 1336 1339 1392 (A.
1370 1336 1448 1387 IV,
1481 1337 1603 1392 428):
1656 1336 1739 1378 Cur
1776 1352 1860 1378 mea
1909 1337 2012 1378 dicta
2057 1345 2176 1391 neqat

344 1407 470 1450 duras
511 1408 704 1453 dimittere
742 1411 782 1452 in
820 1424 950 1453 aures.
995 1411 1008 1466 Η
1055 1411 1217 1452 Induce't
1259 1410 1469 1452 Camkliam
1507 1410 1705 1465 precibus
1742 1410 1827 1451 suis
1863 1409 2175 1465 inplacabiliter

343 1486 640 1541 respondentem
671 1491 711 1525 et
740 1495 947 1539 veqcmtem
977 1486 1053 1526 sibi
1066 1499 1182 1540 posse
1202 1484 1469 1531 reconciliari,
1501 1486 1593 1540 quia
1615 1484 1851 1538 uulqaelere't
1872 1485 1952 1525 eius
1973 1483 2173 1538 ueneficio.

458 1557 542 1615 [56.
581 1559 744 1615 Cotytia.
803 1557 1045 1599 Infernalia.
1084 1584 1122 1587 —
1153 1583 1204 1587 -—
1230 1584 1278 1587 -—
1313 1558 1377 1598 66.
1412 1558 1536 1613 dapis.
1595 1556 1735 1598 Huius
1767 1556 1921 1613 dapis]
1970 1555 2043 1597 Sic
2073 1570 2171 1597 exe-

343 1638 415 1672 unt
437 1630 548 1672 Edd.
572 1633 742 1673 Act-onis
773 1631 827 1672 ad
847 1631 959 1673 hunc
980 1632 1173 1686 epodum.
1233 1631 1449 1672 Posterior
1469 1631 1592 1672 huius
1613 1630 1851 1686 argumenti
1883 1645 1982 1685 pars
2003 1644 2053 1671 ex
2074 1636 2172 1671 uett.

276 1717 317 1748 20
344 1721 440 1747 mss.
472 1705 641 1747 Horatii
672 1705 802 1761 petita
834 1712 907 1755 est,
939 1705 1011 1746 ubi
1042 1705 1100 1746 ita
1122 1720 1164 1747 se
1195 1705 1333 1755 habet,
1366 1704 1610 1760 etquidem,
1652 1704 1805 1745 omisso
1836 1703 1945 1745 libro
1965 1710 2045 1745 uet.
2067 1702 2173 1744 Ber-

343 1779 463 1821 nensi
494 1780 539 1821 K
561 1780 678 1835 (uide
710 1781 870 1835 supra),
904 1794 954 1821 ex
985 1778 1097 1833 E-sH
1127 1777 1277 1820 Ambr.
1300 1778 1458 1819 Bernn.
1480 1777 1582 1820 AC:
1615 1779 1744 1833 Neqat
1777 1779 1978 1820 cam'dz'am
2008 1778 2083 1819 sibi
2109 1792 2173 1819 re-

345 1855 554 1895 conciliari
580 1854 667 1895 ideo
699 1856 887 1909 quoniam
918 1855 1108 1910 ueneficio
1147 1855 1229 1894 eius
1270 1853 1502 1907 uulqauerit
1533 1861 1567 1893 et
1588 1854 1716 1908 ipsam
1738 1852 1935 1893 cam'dz‘am
1956 1851 2175 1893 introducit

344 1927 575 1984 loquentem.

455 1999 571 2041 Huic
601 2006 850 2056 argumento
881 1999 1062 2054 adpone,
1111 2013 1216 2054 quae
1248 1999 1290 2039 in
1321 1998 1361 2039 R
1391 1998 1604 2054 adscripta
1654 1999 1869 2054 leguntur:
1917 1999 2062 2054 ‘deficit
2091 2013 2173 2039 ex-

275 2085 316 2115 25
339 2076 483 2131 positio
515 2075 632 2116 hams
663 2073 779 2115 odes?
840 2072 962 2126 Quae
993 2088 1087 2114 cum
1117 2073 1176 2114 ita
1206 2072 1300 2122 sint,
1332 2088 1416 2114 non
1447 2072 1592 2114 dubito
1624 2073 1724 2128 quin
1756 2072 1952 2127 expediat
1981 2086 2032 2113 ex
2061 2085 2174 2127 penu

342 2163 436 2189 meo
467 2148 714 2202 depromere
746 2149 878 2188 omnia
908 2147 1069 2196 scholia,
1117 2162 1216 2203 quae
1247 2148 1285 2188 ιή
1311 2147 1491 2202 perbono
1524 2147 1607 2188 cod.
1644 2162 1666 2199 γ
1699 2147 1901 2201 leqzmtur,
1946 2146 2057 2186 infra
2087 2145 2173 2185 ad-

343 2222 520 2276 sumptis
550 2221 602 2262 iis
632 2235 682 2261 ex
703 2220 786 2275 Βφ,
820 2235 926 2276 quac
957 2235 1041 2261 non
1080 2219 1236 2274 ubique
1277 2219 1488 2260 interioris
1509 2226 1645 2269 notae,
1678 2226 1817 2260 tamen
1837 2234 1938 2260 uero
1967 2234 2051 2260 non
2073 2233 2172 2260 con-

342 2295 598 2350 tempnenda
628 2304 734 2345 sunt,
768 2302 805 2335 et
838 2309 887 2335 ex
911 2292 960 2343 C,
984 2293 1054 2348 qui
1087 2308 1214 2347 supra
1244 2308 1282 2333 u.
1303 2291 1785 2334 COMMENTATOR
1807 2293 1929 2348 (ergo
1951 2307 2035 2333 non
2058 2306 2171 2333 com-

341 2370 586 2411 mentatoris
617 2369 689 2411 sed
721 2370 858 2419 suani)
890 2368 1030 2423 posuit
1059 2367 1181 2408 huius
1211 2365 1343 2420 partis
1374 2365 1713 2420 inscriptionem:
1752 2366 1882 2421 Neyat
1909 2366 2078 2407 Canidia
2099 2366 2175 2407 sibi

275 2453 316 2484 30
343 2444 604 2487 reconciliari
628 2458 743 2498 posse
777 2443 1005 2483 Horatium.
1042 2441 1111 2490 (In
1144 2440 1207 2481 ed.
1242 2440 1348 2481 1579
1380 2438 1484 2480 haec
1515 2446 1610 2479 sunt
1642 2437 2027 2494 Commentatoris‘).

456 2517 522 2558 53.
560 2517 669 2567 Quid
685 2517 888 2557 obseratis.
948 2514 1094 2555 Verba
1116 2512 1323 2555 Canidiae
1346 2512 1640 2567 respondentis
1662 2520 1698 2553 et
1721 2512 1888 2553 ueniam
1911 2512 2171 2568 denegantis.

458 2684 513 2722 16)
539 2683 564 2712 R
583 2683 680 2712 habet
705 2686 776 2720 post
802 2686 888 2721 neyat
913 2683 932 2710 11
953 2704 957 2709 .
979 2705 984 2710 .
1007 2705 1012 2710 .
1034 2704 1040 2709 .
1060 2686 1142 2719 spat.
1170 2689 1311 2717 uacuum
1341 2679 1424 2717 quod
1444 2678 1574 2708 Graecis
1600 2680 1708 2709 uerbis
1734 2680 1915 2718 relinquere
1940 2680 2032 2717 solet,
2059 2680 2172 2710 exiens

342 2750 413 2769 eum
439 2749 514 2769 uoce
539 2739 761 2777 respondentem
786 2743 819 2767 ut
840 2738 878 2767 G.
906 2738 989 2767 lIuic
1015 2739 1084 2767 uoci
1111 2737 1272 2766 adiunctis
1298 2736 1421 2765 uerbis:
1448 2736 1561 2765 Inultus
1591 2735 1635 2773 (u.
1657 2737 1713 2774 56)
1744 2737 1880 2775 nunquid
1897 2737 2006 2776 patiar
2023 2747 2037 2766 r
2055 2737 2172 2766 transit

342 2796 381 2824 ad
408 2796 672 2834 Porphyrionem.
711 2799 784 2832 post
810 2805 839 2823 u.
866 2803 956 2823 aures
982 2795 1241 2832 interposuerunt
1278 2792 1355 2821 vafh
1390 2792 1521 2830 (lemnia
1548 2803 1578 2822 u.
1607 2793 1684 2831 54):
1723 2793 1793 2822 Non
1816 2802 1894 2822 sama
1916 2793 2005 2822 nudis
2029 2793 2172 2822 surdiora

342 2852 452 2881 natatis
478 2853 601 2890 (nautis
628 2852 675 2890 v).
702 2862 742 2880 va
766 2852 887 2881 habent
914 2856 981 2889 post
1010 2850 1140 2880 uanitfs:
1167 2850 1297 2879 ludin-it
1326 2867 1330 2868 ν
1392 2850 1651 2887 1·esp‹›n‹h·11t0m‚
1679 2860 1739 2879 om.
1766 2854 1792 2878 et
1814 2859 1879 2888 neq.
1911 2868 1937 2870 ν-
1957 2849 2100 2888 ueneficz'a
2120 2848 2171 2878 (b-

342 2908 430 2947 tycia]
460 2908 638 2947 lrgfcrnalia,
669 2910 787 2947 quippe
812 2918 893 2947 quac
919 2909 1016 2937 uerba
1043 2908 1208 2937 Fabricius
1236 2907 1343 2936 intulit
1372 2911 1467 2944 atque
1493 2906 1693 2944 Iloenigerus
1719 2907 1922 2945 propagauit.
1976 2905 2029 2944 16)
2059 2906 2170 2944 impla-

343 2965 452 2995 cabilis
476 2965 522 2994 fh.
552 2966 792 3003 implacabiliter
817 2965 956 2996 R‘hrva.
1010 2966 1065 3002 17)
1092 2965 1202 2993 notaui
1231 2973 1366 2993 errorem
1393 2964 1516 2992 scribae
1541 2963 1741 2993 rcconciuari
1765 2973 1806 2992 ex
1830 2963 1941 2992 Ambr.
1957 2962 2077 2992 —1'deo
2101 2971 2171 3001 quo—

342 3022 423 3052 niam
450 3022 534 3061 (φῖ)
562 3024 717 3052 uencticia
740 3023 767 3051 A
794 3022 905 3051 Ambr.
933 3022 962 3050 ΙΙ
989 3026 1017 3051 ct
1044 3032 1072 3063 γ,
1099 3022 1153 3059 qui
1180 3022 1275 3050 habet
1301 3019 1398 3049 benef.
1425 3028 1480 3056 pro
1505 3020 1669 3048 uenelicia.
1695 3019 1730 3048 do
1755 3028 1788 3048 eo
1813 3019 1865 3056 qffi
1888 3019 1992 3048 benef.
2021 3019 2046 3048 E
2072 3019 2168 3048 Bern.

344 3079 369 3110 C
389 3078 514 3117 (notaui
539 3089 631 3118 quem,
658 3089 824 3117 perperam
852 3084 883 3108 ut
913 3079 1049 3117 uereor).
1075 3078 1139 3108 ideo
1164 3077 1306 3107 uenefitc'a
1331 3077 1427 3106 Bern.
1447 3076 1485 3105 A.
1512 3076 1588 3105 male
1614 3076 1678 3105 titia
1701 3075 1796 3105 Bern.
1829 3076 1864 3104 G.
1914 3076 1971 3114 31)
1996 3075 2170 3113 Hucusque

342 3137 442 3167 uerba
467 3136 596 3166 horatii.
623 3136 698 3164 hinc
724 3137 868 3173 ¹<equitur
893 3136 1059 3173 responsio
1086 3135 1231 3163 canidiae
1257 3134 1394 3162 dicentis
1422 3142 1453 3162 sc
1480 3134 1643 3162 obseratas
1674 3141 1766 3162 aures
1792 3133 1910 3161 habere
1938 3141 1974 3162 ac
1991 3132 2168 3162 surdiorem

343 3203 413 3223 esse
439 3193 530 3222 saxis
557 3193 746 3230 significans
774 3201 806 3221 se
832 3201 940 3231 preces·
966 3193 1035 3222 eius
1062 3191 1147 3220 nolle
1172 3191 1295 3220 audire,
1322 3189 1475 3220 obseratis.
1504 3190 1620 3221 clausis
1646 3188 1679 3218 C.
