2283 3535
212 997 250 1027 10

276 195 357 235 298
911 204 1016 236 ACR.
1042 204 1102 236 ΕΤ
1127 203 1294 236 PORPH.
1320 204 1469 237 eoMM.

390 330 456 370 21.
487 330 644 385 scopuli
673 343 733 370 cu.
766 330 820 370 Ic.
894 329 1010 370 Icari
1046 327 1203 383 scopuli
1234 342 1311 383 pro
1347 327 1474 369 Icarii
1512 327 1639 369 maris
1680 327 1875 382 seopulis,
1920 327 1994 369 sed
2032 327 2108 369 hos

275 417 353 458 pro
385 402 639 457 quibuslibet
661 402 811 457 posuit.
873 402 1002 444 Sardi
1028 408 1167 442 autem
1199 402 1357 457 scopuli
1381 401 1443 458 [a]
1477 400 1813 456 periclitantibus
1844 400 1929 443 diei
1960 400 2110 451 solent,

277 476 397 531 quasi
427 490 576 531 preces
607 491 751 517 eorum
782 491 866 517 non
897 475 1136 516 exaudiant.

390 551 456 590 25.
489 550 554 590 26.
586 551 771 606 quamuis
801 564 840 590 η.
872 549 909 588 d.
938 550 968 602 f.
1000 563 1030 588 e.
1063 563 1115 589 sc.
1149 557 1183 589 et
1214 548 1378 602 reliqua.
1437 546 1593 588 Notum
1625 554 1699 597 est,
1731 547 1991 589 iuuentutem
2020 547 2108 590 Ro-

276 638 444 664 manam
476 623 589 678 apud
620 629 782 663 ueteres
813 621 1085 662 exercitatam
1116 620 1159 660 in
1191 635 1338 675 campo
1370 619 1527 661 Martio
1559 627 1596 660 et
1628 627 1721 675 post
1752 620 1832 661 hoe
1863 621 2110 663 exercitium

276 704 421 738 natare
453 697 617 738 solitam
648 696 775 737 fuisse
806 695 849 735 in
881 693 1041 744 Tiberi,
1075 693 1173 748 quia
1203 701 1244 734 et
1273 692 1425 748 peritia
1456 693 1586 733 nandi
1617 693 1742 734 rebus
1772 694 2026 736 militaribus
2058 694 2111 736 sit

276 770 526 812 necessaria.
587 768 707 810 Dicit
743 783 858 823 ergo,
896 767 1111 822 Enipeum
1154 782 1238 808 non
1277 767 1431 808 debere
1467 766 1632 822 puellae
1670 767 1768 809 huic
1798 767 1981 823 plaeere,
2012 768 2110 809 lieet

277 843 459 899 gloriose
491 843 533 882 in
565 841 761 883 exercitio
793 841 902 882 inter
932 840 1130 895 aequales
1160 847 1363 881 uersetur.

389 918 454 957 29.
493 917 559 957 30.
597 917 731 971 prima
770 924 881 956 nocte
919 916 954 956 d.
995 930 1026 956 c.
1063 929 1102 955 η.
1138 916 1162 955 ί.
1194 929 1234 955 u.
1266 930 1295 955 s.
1329 929 1360 955 c.
1391 928 1424 969 q.
1459 915 1494 955 d.
1516 914 1551 955 Ἀ
1614 913 1704 971 [Ne
1729 930 1823 956 cum
1854 914 1944 972 ille]
1977 913 2107 964 Belle,

277 990 396 1044 quasi
429 987 578 1044 Gyges
608 988 850 1043 uespertino
881 996 1068 1043 tempore
1099 987 1154 1028 ad
1184 976 1408 1029 fenestram
1441 986 1632 1028 Asteries
1663 987 1879 1029 tibicinem
1910 987 2110 1029 adhibere

278 1063 443 1112 soleret,
475 1070 519 1104 ut
540 1062 625 1110 illa,
658 1062 888 1117 cupiditate
921 1061 1134 1111 audiendi,
1166 1076 1243 1116 per
1273 1061 1501 1102 fenestram
1531 1061 1769 1115 despiceret
1802 1087 1865 1111 —·,
1899 1067 2023 1116 atque
2054 1062 2112 1102 ita

278 1136 476 1192 cupidam
506 1136 681 1178 uidendi
713 1136 775 1178 sui
807 1150 856 1177 ac
888 1135 1111 1177 sollicitam
1145 1134 1232 1192 [die
1263 1133 1384 1191 dare]
1418 1134 1647 1175 declarare.

923 1291 1241 1346 CARMEN
1281 1291 1376 1358 HI,
1420 1291 1466 1343 s.

1097 1401 1286 1445 ACRON.

390 1507 554 1549 Martiis
587 1507 738 1548 caelebs
768 1506 862 1561 quid
902 1519 1017 1559 aqam
1054 1505 1258 1545 Kalendis.
1333 1502 1406 1543 Ad
1445 1502 1741 1544 Maecenatem
1784 1502 1926 1560 [ergo]
1967 1503 2113 1544 scribit

277 1579 494 1629 Horatius,
541 1594 625 1621 non
656 1594 751 1620 eum
782 1578 935 1620 debere
965 1577 1126 1628 mirari,
1172 1577 1285 1632 quod
1315 1576 1525 1618 Kalendis
1564 1576 1748 1628 Martiis,
1796 1577 1896 1618 dum
1934 1577 1986 1618 sit
2023 1577 2112 1618 sine

278 1743 351 1779 fert,
377 1743 434 1771 sed
459 1746 576 1772 monet.
609 1745 715 1772 mouet
742 1742 803 1780 leg.
830 1741 863 1770 in
889 1741 1000 1779 paucis
1026 1749 1106 1770 rece.
1134 1740 1241 1777 codd,
1276 1740 1294 1769 2
1322 1738 1428 1769 Oxon.
1460 1741 1472 1768 l
1501 1739 1592 1769 Harl.
1619 1740 1660 1769 al.
1713 1739 1768 1778 17)
1795 1740 1873 1770 heec
1897 1739 1940 1770 M.
1983 1742 2060 1769 rett.
2087 1749 2111 1770 r.

277 1800 370 1829 retul.
398 1799 460 1828 MR
484 1804 543 1829 etc.
585 1803 616 1828 et
642 1809 702 1828 om.
731 1798 815 1828 rvfh.
858 1801 889 1826 et
915 1807 993 1836 quas
1019 1797 1055 1826 R.

394 1857 425 1896 1)
445 1856 555 1886 hicarii
573 1856 616 1885 M.
666 1856 701 1894 2)
718 1854 1038 1894 quibuslibetMARQ.
1058 1854 1126 1882 rell.
1146 1854 1329 1892 quibusque.
1350 1863 1367 1882 a
1385 1863 1445 1883 om.
1461 1853 1606 1891 MR27rv.
1625 1858 1721 1883 reete.
1740 1854 1829 1883 surdi
1843 1853 1950 1892 pericl.
1969 1853 2112 1882 datiuus.

278 1913 313 1951 3)
332 1922 460 1950 praeces
476 1913 568 1950 M‚ra.
632 1911 667 1951 5)
686 1913 746 1942 hoe
764 1922 825 1942 om.
844 1911 881 1940 R.
948 1912 981 1949 7)
1001 1909 1141 1939 Tiberim
1158 1910 1201 1939 M.
1222 1913 1252 1939 et
1270 1909 1393 1938 MAR2.
1412 1910 1482 1939 rell.
1502 1920 1562 1939 om.
1580 1910 1678 1939 nandi
1696 1909 1859 1947 MR2,rva.
1879 1910 2014 1940 natandi
2032 1908 2110 1943 th.

276 1974 383 2000 natare
409 1980 521 2008 supra,
549 1971 668 2008 quippe
686 1970 871 1999 infinitiuus
896 1972 1003 1998 natare
1021 1968 1231 2006 frequentior.
1252 1968 1405 1997 similiter
1423 1966 1490 1998 Cic.
1510 1967 1550 1996 N.
1568 1967 1609 1995 D.
1629 1966 1685 2003 ΙΙΙ,
1706 1967 1764 1996 24:
1784 1967 1957 2004 Neptunus
1976 1975 1993 1996 a
2009 1964 2112 1995 nando

288 2045 315 2047 ἡ
335 2039 342 2064 ;
370 2028 402 2056 in
420 2037 481 2065 quo
498 2028 603 2065 magis
622 2031 657 2056 tu
675 2027 755 2056 mihi
773 2030 882 2055 natare
899 2026 990 2054 nisus
1009 2034 1051 2054 es.
1085 2024 1173 2053 Nar-e
1191 2024 1275 2053 infra
1293 2024 1356 2061 ΙΙΙ,
1380 2025 1435 2060 12,
1456 2025 1484 2053 9.
1502 2023 1541 2052 sit
1557 2033 1640 2052 omn.
1658 2023 1742 2053 libri.
1761 2027 1847 2053 esset
1864 2023 1979 2052 inculc.
2000 2022 2039 2058 Q,
2058 2031 2113 2060 po-

277 2087 358 2112 terat
394 2089 425 2113 et
458 2084 520 2112 dici
546 2087 596 2113 est.
623 2082 791 2122 eniplceum
816 2081 900 2119 R,af.
927 2082 997 2111 rell.
1025 2082 1182 2119 enipeum.
1202 2080 1242 2110 cf.
1260 2081 1376 2110 Acron.
1426 2080 1461 2119 8)
1488 2080 1647 2118 gloriosae
1664 2079 1697 2108 M
1722 2090 1763 2109 ln.
1783 2089 1808 2109 s.
1828 2098 1869 2100 -—
1888 2083 2051 2109 uersaetur
2068 2078 2111 2108 M.

279 2141 313 2178 9)
339 2139 481 2169 Difficile
507 2141 566 2169 hoc
593 2140 658 2169 sch.
677 2150 735 2178 ope
754 2140 898 2169 codicum
917 2139 1070 2168 constitui
1089 2139 1203 2176 potuit.
1238 2138 1284 2167 Ne
1301 2147 1367 2167 cam
1383 2137 1432 2167 ille
1449 2137 1555 2172 vath
1571 2138 1654 2166 male
1672 2146 1728 2175 pro
1745 2136 1827 2166 Belle
1845 2136 1884 2172 A,
1904 2146 1960 2174 pro
1977 2145 2050 2174 quo,
2076 2139 2113 2164 ut

279 2206 375 2234 supra
394 2198 533 2234 saepius,
568 2197 653 2225 Velle
679 2195 773 2231 MQr.
801 2206 860 2224 om.
889 2195 924 2232 R,
953 2197 1006 2233 qui
1033 2196 1147 2224 habet:
1180 2195 1277 2224 tibiae.
1306 2194 1407 2229 Quasi
1426 2195 1519 2232 giges
1546 2198 1606 2223 etc.
1633 2198 1760 2232 tempore
1777 2193 1920 2229 MAR2,1·
1938 2192 2022 2232 (tpe)
2042 2192 2110 2222 rell.

277 2257 375 2282 canta.
436 2253 593 2282 Lemmati
619 2263 639 2281 v
672 2253 790 2281 adiecit
826 2252 907 2281 illud
941 2256 1069 2290 tempore
1105 2252 1223 2289 quippe
1261 2252 1293 2280 in
1319 2251 1429 2281 codiee
1455 2251 1602 2289 quopiam
1629 2254 1717 2280 ccmtu
1750 2251 1821 2279 uoci
1853 2250 2051 2287 adscriptum
2077 2258 2113 2278 ae

278 2310 361 2338 male
386 2313 463 2338 tunc
488 2310 549 2338 hac
574 2309 649 2338 sede
675 2309 877 2338 collocatum.
922 2308 949 2343 Q
975 2318 1029 2345 pro
1056 2318 1092 2337 ea
1118 2309 1257 2337 scribere
1283 2308 1407 2337 uoluit:
1433 2306 1490 2336 sibi
1513 2311 1662 2345 temperet.
1715 2307 1770 2345 10)
1797 2307 1957 2335 tibicinem
1973 2306 2056 2344 R2‚a
2082 2310 2113 2335 et

279 2365 373 2395 ‘Stan
402 2370 432 2395 et
458 2370 522 2395 uet.
551 2366 632 2394 cod.y
658 2365 696 2394 A.
724 2366 891 2394 tibicinum
915 2364 1022 2401 M‚rv.
1050 2368 1081 2393 ut
1105 2364 1230 2393 MARQ.
1285 2364 1338 2402 11)
1367 2364 1466 2393 soleat
1496 2365 1580 2393 libri.
1633 2363 1687 2401 12)
1715 2363 1861 2400 cupidam
1885 2362 2012 2391 MARQ.
2040 2362 2111 2391 rell.

278 2423 405 2460 cupida.
425 2423 596 2451 sollicitam
613 2422 766 2459 MAlt‘2‚r.
796 2422 863 2450 rell.
884 2422 1065 2450 sollicitata.
1093 2422 1141 2450 die
1158 2421 1256 2457 MR,1·.
1284 2421 1352 2449 rell.
1371 2421 1458 2450 diem.
1479 2421 1553 2449 dare
1571 2420 1725 2457 MAR2,1-.
1744 2421 1813 2449 rell.
1834 2420 1929 2449 daret.
1950 2420 1967 2448 2
1986 2424 2112 2457 praeter

277 2479 433 2509 sollicitam
457 2479 533 2508 aliem
558 2479 633 2508 clare
658 2480 756 2507 habet
783 2479 953 2509 sollicitam
978 2478 1157 2507 declararet.
1200 2477 1268 2507 Autv
1293 2478 1369 2507 dare
1393 2478 1502 2515 accipe
1528 2487 1582 2515 pro
1595 2476 1720 2516 facere.
1746 2480 1781 2505 ut
1807 2476 1878 2506 Ter.
1904 2476 1987 2505 Eun.
2012 2476 2053 2514 ΙΙ,
2084 2477 2111 2514 1,

279 2537 307 2564 6.
334 2535 441 2565 Plaut.
469 2535 562 2573 Capt.
588 2535 630 2571 ΙΙ,
658 2536 688 2571 2,
717 2536 768 2563 90.
794 2535 890 2572 Vcrg.
917 2534 954 2563 A.
981 2534 1053 2571 XII,
1081 2535 1167 2569 436.
1200 2539 1254 2564 aut
1281 2535 1386 2563 scribe
1410 2533 1566 2564 sollicitam
1591 2533 1761 2563 declae-are.
1803 2533 1944 2572 cupidam
1968 2542 2004 2562 ac
2028 2531 2109 2562 solli-

278 2591 366 2622 citam
390 2592 456 2621 uid.
484 2592 531 2621 sui
560 2591 606 2621 die
630 2592 707 2621 dare
731 2592 769 2620 R.

392 2648 554 2679 ACRON.
603 2648 653 2677 Ad
681 2652 877 2678 mecenatem
903 2648 930 2677 A
956 2647 1079 2685 (Heia),
1107 2651 1141 2676 ut
1169 2657 1252 2677 mun.
1279 2648 1343 2676 fere
1369 2647 1460 2676 codd.
1496 2646 1569 2676 ERu
1594 2647 1669 2676 add.
1688 2646 1764 2676 VIII
1784 2650 1815 2676 et¹
1833 2646 1878 2675 R:
1907 2646 1976 2676 Ode
2000 2644 2110 2675 LXVI.

395 2705 450 2743 17)
478 2706 716 2742 Argumentum
752 2705 785 2733 in
818 2705 910 2734 libris
944 2708 1082 2742 postpos.
1118 2708 1167 2732 est
1200 2704 1324 2733 duobus
1360 2714 1424 2741 seq.
1451 2705 1594 2733 scholiis.
1629 2703 1745 2741 caeleps
1769 2712 1787 2744 γ
1812 2703 1846 2731 in
1872 2703 1994 2738 lemm.,
2020 2706 2054 2730 ut
2078 2701 2111 2730 M

281 2761 396 2799 Pol-pli.
423 2762 454 2790 in
480 2762 587 2791 lemm.
625 2762 722 2800 celeps
750 2771 767 2803 γ
801 2762 831 2790 in
865 2762 982 2798 schol„
1010 2765 1045 2790 ut.
1072 2760 1241 2790 Suet-oum.
1274 2761 1367 2790 1729.
1408 2760 1479 2790 Vat.
1512 2761 1607 2790 1591.
1651 2760 1794 2797 Napolit.
1822 2759 1891 2788 Par.
1920 2759 1948 2787 D
1975 2759 2016 2787 ad
2042 2757 2109 2787 Sat.

278 2817 319 2853 ΙΙ,
347 2818 376 2852 5,
402 2819 444 2846 47
471 2822 501 2846 ct.
527 2818 555 2847 A
582 2819 614 2846 in
640 2818 746 2847 lemni.
774 2818 851 2846 ibid.
893 2817 987 2847 celebs
1012 2816 1063 2846 Ab
1089 2817 1130 2846 al.
1168 2817 1291 2845 caelebs
1317 2817 1350 2845 M
1377 2817 1491 2854 Pol-ph.
1518 2818 1548 2846 in
1575 2818 1680 2846 lemni.
1708 2816 1752 2851 ΙΙ,
1783 2816 1840 2851 15,
1868 2816 1906 2850 4,
1949 2816 1982 2844 in
2009 2815 2109 2844 schol.

278 2873 422 2903 celibem.
464 2874 622 2903 Kalendis
648 2874 814 2916 Ammon.
841 2874 933 2903 Bcrn.
960 2874 1030 2903 ΚΛ.
1075 2872 1204 2903 Calend.
1231 2874 1325 2903 Bcrn.
1353 2874 1378 2901 B
1412 2875 1532 2912 aliique
1558 2875 1661 2911 pauci.
1701 2874 1732 2902 in
1758 2872 1947 2909 nonnullis,
1975 2876 2010 2901 ut
2036 2872 2108 2901 Par.

279 2929 304 2957 B
332 2930 372 2959 ad
398 2930 502 2968 Epml.
528 2931 568 2967 ΙΙ,
598 2932 648 2965 70,
676 2930 700 2959 C
728 2934 806 2960 mut.
835 2931 868 2959 in
894 2930 935 2959 K.
977 2940 1046 2969 erqo
1072 2940 1154 2959 mnu.
1182 2930 1255 2959 libri
1283 2939 1324 2958 ex
1352 2930 1468 2967 Por-pli.
1496 2931 1525 2958 1).
1559 2940 1629 2959 esse
1655 2939 1724 2959 eain
1750 2929 1828 2963 shQ.
1856 2929 1924 2957 rell.
1951 2938 2011 2957 om.
2045 2937 2110 2957 ser-

280 2995 352 3014 uare
377 2995 404 3014 a.
433 2987 502 3017 rell.
532 2991 681 3015 seruatae.
724 2991 845 3016 seruate
869 2997 896 3028 γ.
936 2987 980 3016 ali
1004 2988 1120 3016 festino
1144 2987 1181 3016 A.
1223 2987 1267 3015 vti
1290 2986 1407 3016 festino
1433 2988 1462 3016 1).
1503 2988 1535 3016 1ιί
1563 2986 1677 3016 festino
1702 2996 1727 3027 γ.
1769 2986 1838 3015 rell.
1866 2995 1927 3014 om.
1953 2985 2006 3014 ati.
2045 2985 2110 3015 fes-

280 3043 349 3072 tina
373 3042 408 3071 R.
436 3042 554 3071 festina
578 3053 660 3071 mvn.
688 3043 803 3072 festi-zm
828 3054 851 3072 r.
883 3044 931 3073 uti
958 3044 1076 3073 festino
1104 3044 1300 3082 (substant.)
1342 3053 1422 3072 seru.
1451 3044 1569 3072 calutis
1597 3044 1617 3072 i.
1646 3054 1670 3072 e.
1698 3043 1857 3071 celebrare
1883 3042 1968 3070 diem
1995 3041 2109 3071 festum

280 3099 319 3128 ob
345 3104 504 3128 seruatam
530 3100 678 3129 salutem.
722 3100 851 3129 Festina
876 3100 937 3129 (lies
963 3101 1043 3129 enim
1071 3110 1133 3130 non
1160 3100 1339 3135 dicebatur,
1366 3101 1422 3128 sed
1449 3099 1511 3129 dies
1537 3099 1654 3136 festas,
1682 3098 1831 3128 festivum
1856 3103 1961 3127 autem
1988 3102 2018 3127 et
2046 3098 2108 3128 fes-

279 3155 397 3185 tiuitas.
439 3155 601 3193 Lamprid.
629 3156 758 3193 lleliog.
790 3159 825 3185 11
856 3161 886 3185 et
912 3157 1008 3186 Alex.
1036 3156 1108 3186 Seu.
1137 3157 1189 3185 63.
1231 3156 1336 3186 Aliter
1363 3155 1408 3185 C:
1445 3157 1521 3185 haec
1547 3166 1572 3185 e.
1600 3156 1630 3184 d.
1657 3165 1682 3184 c.
1710 3164 1738 3184 a.
1772 3154 1820 3184 lib.
1847 3164 1876 3184 se
1902 3158 2111 3184 conmemorat

279 3212 322 3240 uti
341 3211 461 3251 festiua
492 3211 526 3241 ob
550 3216 701 3241 seruatam
731 3212 823 3242 ailam
856 3213 1043 3252 salutemque.
1094 3212 1181 3242 Ordo
1212 3230 1245 3233 —
1271 3213 1394 3250 cespite
1426 3221 1486 3242 om.
1514 3211 1552 3242 A.
