2283 3535
653 222 882 254 AnnnNJm
910 223 969 253 κ’,Τ
995 222 1312 254 ΟυκκῐρΕΝυΛ.
1820 210 1888 251 XI

66 350 144 392 tur,
178 344 223 384 cle
256 345 389 385 lotura
415 344 580 399 plumbi.
613 345 658 386 <Ie
691 346 924 386 mole'lulemt.
960 346 1006 385 de
1038 346 1235 392 ealemtlo,
1272 345 1318 385 de
1347 346 1512 398 sulfure,
1553 346 1598 385 de
1633 346 1801 401 pumice.
1839 344 1890 385 de

66 417 169 457 sales
201 417 326 470 (sale)
359 424 448 465 etc„
479 416 583 457 haec
614 417 655 457 in
688 418 768 457 fine
801 433 822 457 (ι
853 420 982 473 prima
1014 433 1135 459 mmm
1168 417 1303 472 posita
1334 417 1616 472 reperiuntur:

745 488 1053 531 CLXXXIII.
1092 486 1206 547 fin}

778 562 862 603 Lib
896 563 1028 617 quinti
1061 558 1165 614 dessssssj

69 635 189 688 Quae
216 636 346 677 uerba
366 635 455 677 folii
476 635 569 676 labe
592 636 837 689 imperfecta
858 644 994 677 utrum
1017 652 1171 677 annum
1196 636 1275 677 783
1298 635 1539 691 significare
1562 636 1733 690 possint,
1765 643 1808 676 tu
1829 643 1890 677 te-

69 724 163 750 cum
192 717 350 764 reputa.
383 710 419 749 2.
452 708 620 748 Deinde
642 709 868 762 quaeritur,
901 710 1036 751 sintne
1058 710 1233 750 alieuius
1264 709 1462 750 momenti
1494 709 1535 749 in
1566 709 1644 750 hac
1676 723 1719 750 re
1750 723 1896 750 uersus

69 783 239 837 aliquot,
272 797 374 836 quos
404 796 455 822 ex
486 796 628 823 eorum
659 797 832 823 numero
864 782 1020 838 eligere
1052 783 1178 833 lubet,
1216 783 1283 837 qui
1317 783 1359 823 in
1381 783 1470 825 folii
1492 783 1712 838 penultimi
1734 782 1891 837 pagina

71 857 95 897 :2
127 855 270 896 traditi
301 864 413 896 sunt:

196 929 239 983 a)
272 928 464 970 hlotharii
490 943 654 970 uersus:

375 1001 467 1042 Rex
498 1009 639 1056 putate
671 1001 776 1058 uigil
807 1010 971 1044 nostros
1002 1002 1196 1043 miserate
1227 1001 1392 1043 labores

377 1074 599 1116 Permotus
630 1075 761 1131 elegis
793 1075 1034 1130 quaestibus
1065 1076 1170 1117 affer
1199 1090 1323 1131 opem

375 1148 425 1188 In
456 1155 495 1189 te
526 1156 658 1190 mater
689 1149 800 1190 enim
832 1164 961 1204 penes
990 1149 1162 1190 iclinata
1193 1148 1399 1191 recumbit

374 1221 431 1262 Et
461 1222 532 1277 pia
563 1222 776 1264 distribuit
806 1223 898 1264 iura
930 1223 1078 1278 Sophia
1108 1222 1197 1263 tibi.
1232 1248 1283 1252 ψ

377 1322 430 1325 —
465 1322 512 1325 —
545 1295 682 1352 Regia
712 1312 823 1337 nunc
854 1296 1017 1338 nouitas
1049 1296 1194 1336 extulit
1226 1303 1348 1336 aucta
1380 1303 1503 1349 eaput

376 1368 428 1409 In
460 1369 530 1409 dia
561 1384 663 1424 quos
685 1370 851 1410 tremuit
874 1368 1044 1411 seruiuit
1077 1376 1113 1409 et
1146 1368 1291 1409 ultima
1324 1368 1427 1424 thyle

375 1440 464 1483 Nos
491 1447 580 1483 sras
611 1442 806 1496 equidem
837 1442 1042 1498 religione
1074 1441 1144 1496 pia

377 1514 546 1556 Perfida
577 1515 683 1556 eolla
714 1515 790 1556 tibi
820 1515 1038 1557 flectentur
1068 1515 1158 1556 iure
1190 1514 1372 1569 superbi.

378 1588 504 1630 Mens
541 1588 711 1629 humilis
750 1588 900 1630 subdet
936 1588 1098 1643 perfida
1136 1588 1243 1629 colla
1274 1587 1351 1628 tibi
1382 1594 1458 1629 etc.

202 1662 250 1717 b)
282 1675 428 1703 uersus
465 1662 516 1702 ex
555 1668 673 1717 parte
712 1677 818 1716 quae
854 1661 1099 1703 inscribitur
1144 1662 1370 1717 ‘praefatio'
1418 1668 1457 1701 et
1500 1661 1678 1702 reditum
1724 1661 1906 1717 pastoris

280 1735 533 1791 (episcopiP)
567 1735 691 1785 eanit,
724 1735 841 1776 euius
872 1750 1024 1777 nomen
1060 1736 1171 1776 Tado
1202 1734 1330 1776 fuisse
1362 1734 1539 1776 uidetur.

382 1808 545 1850 Desere
576 1808 704 1850 corda
735 1808 854 1850 dolor
885 1824 978 1850 cum
1010 1808 1091 1850 sint
1123 1823 1174 1849 en
1205 1808 1362 1864 gaudia
1392 1808 1515 1850 nobis

379 1881 533 1924 Noster
564 1882 684 1924 adest
712 1897 870 1938 gemor.
903 1883 1049 1924 desere
1082 1882 1210 1924 corda
1237 1881 1371 1939 dolor.

384 1954 534 1997 Gloria
565 1962 704 1996 nostra
735 1956 843 1996 redit,
872 1956 1083 1997 dementia
1112 1950 1365 2017 lu{serena

384 2027 539 2070 Cuncti
568 2029 772 2070 laetemur
803 2029 940 2085 gloria
970 2036 1112 2071 nostra
1143 2029 1263 2070 redit.

386 2100 536 2144 Cedite
567 2117 642 2144 uos
672 2102 870 2144 tenebrae
900 2103 1169 2145 tenebrarum
1201 2103 1336 2145 cedite
1367 2103 1512 2145 nubes.

383 2175 500 2217 Dum
530 2175 653 2217 iubar
683 2183 745 2218 est
773 2191 987 2231 praesens.
1021 2177 1155 2218 cedite
1186 2192 1273 2218 uos.
1306 2176 1516 2218 tenebrae.

383 2249 536 2291 Pastor
567 2264 766 2292 amoenus
798 2250 927 2292 adest.
958 2257 1147 2306 pastores
1178 2251 1318 2293 ducite
1349 2251 1471 2292 dona.

381 2322 578 2365 Pastores
609 2323 791 2365 ueniant.
822 2330 966 2379 pastor
995 2339 1195 2366 amoenus
1227 2324 1356 2365 adest.

386 2395 517 2439 Orbis
547 2396 601 2438 ab
631 2396 735 2439 urbe
766 2397 884 2439 uenis
914 2397 1077 2453 patriae
1110 2397 1206 2452 (sic)
1239 2411 1346 2453 euge
1377 2411 1570 2439 reuersus

389 2471 425 2512 T
422 2471 499 2512 ado
530 2470 699 2525 decus*)
725 2467 901 2528 ssssorbis
932 2470 985 2512 ab
1015 2470 1119 2512 urbe
1151 2470 1282 2512 uenis.

387 2541 496 2585 Sunt
526 2550 596 2584 tua
628 2558 726 2584 rura
756 2543 833 2585 tibi
864 2544 978 2585 salue
1010 2544 1070 2586 sol
1102 2544 1188 2585 sole
1220 2543 1365 2585 salutis

386 2615 504 2658 Urbs
536 2628 597 2658 est
626 2616 882 2672 metropolis.
915 2624 1008 2659 sunt
1040 2624 1109 2658 tua
1140 2632 1238 2658 rura
1269 2616 1358 2658 tibi.

389 2689 452 2730 Te
472 2697 596 2732 uocat
617 2690 840 2732 ambrosius
862 2690 933 2731 dffi
956 2690 1156 2745 (domini)
1179 2690 1328 2732 domus
1350 2687 1512 2747 aessssua
1534 2689 1733 2741 sedes.**)

386 2746 514 2817 -C-eS†)
546 2757 769 2821 tathuus
800 2771 839 2804 te
868 2770 993 2805 uocat
1021 2762 1256 2804 ambrosius
1287 2770 1363 2804 etc.

212 2842 253 2891 c)
284 2836 335 2877 In
355 2836 514 2892 pagina
535 2843 720 2877 extrema
738 2837 933 2892 leguntur
948 2835 1101 2891 uiginti
1119 2835 1201 2876 duo
1216 2850 1366 2888 uersus
1380 2835 1571 2889 inscripti
1595 2836 1666 2876 ‘De
1689 2835 1910 2889 leodfm‘dof

392 2907 571 2950 Culmen
602 2909 771 2950 honoris
803 2924 880 2950 aue
910 2924 1066 2964 magno
1097 2908 1148 2949 de
1179 2908 1338 2949 semine
1367 2908 1669 2963 lnagnum.***)

199 3047 233 3085 ss)
262 3049 276 3076 l
305 3057 345 3076 111.
372 3047 477 3085 posuit
503 3056 571 3076 uar.
600 3047 673 3075 lect.
702 3046 751 3075 uel
778 3043 810 3075 sii
835 3056 883 3075 no.
911 3048 943 3076 in
970 3056 1090 3075 rasura.

178 3102 232 3141 *“²)
262 3105 276 3131 1
304 3113 344 3132 m.
371 3104 477 3141 posuit
498 3112 566 3132 uar.
594 3103 666 3131 lect.
693 3103 744 3130 uel
769 3112 814 3131 ac.

200 3158 231 3196 †)
259 3157 398 3188 Celsus?

157 3212 230 3252 **²'²)
253 3223 334 3243 man.
366 3216 378 3243 1
406 3215 553 3253 adposuit
580 3223 645 3243 uar.
672 3214 742 3242 lect.
770 3213 816 3243 uel
838 3212 955 3243 celsum.
