2283 3535
799 239 848 270 IN
874 239 1010 271 upon.
1037 239 1135 271 xm.
1795 229 1875 269 503

56 371 193 404 autem
215 377 291 418 pro
321 362 503 404 nubibus
533 362 692 417 accipe,
724 368 763 402 et
781 363 1008 404 contram-it:
1039 361 1082 402 in
1113 377 1242 402 unum
1264 362 1413 416 coegit,
1444 376 1493 403 ac
1523 377 1599 417 per
1629 362 1707 404 hoc
1729 362 1880 404 densas

58 437 390 492 (tempestatesP)
422 435 519 477 fecit
550 435 892 490 intellegendum.

172 511 207 550 1.
240 511 276 549 2.
309 518 343 550 et
362 510 476 551 imbr.
499 510 688 565 niuesque
710 509 827 549 dedu.
851 508 938 549 lou.
999 507 1208 558 Suauiter,
1241 507 1359 562 quasi
1382 521 1475 548 cum
1498 508 1704 549 imbribus
1725 508 1778 549 ad
1799 516 1881 549 ter-

56 598 124 624 ras
155 581 346 637 Iuppiter
377 582 615 623 descendat.

169 656 206 697 3.
238 657 276 696 4.
308 658 515 711 rapiamus
547 656 668 696 amici
694 657 938 696 occasionem
969 655 1015 695 (le
1046 655 1118 695 die.
1187 653 1342 695 Utrum
1381 658 1640 703 occasionem,
1688 668 1793 707 quae
1831 654 1883 694 de

57 728 124 769 die
155 728 299 783 pluuio
334 728 494 778 incidit,
541 742 594 768 an
624 735 667 768 ut
714 727 908 769 conuiuia
953 727 1004 767 dc
1050 725 1118 768 die
1163 726 1467 783 duc[eb]antur
1513 742 1537 767 a
1582 726 1717 780 primo
1762 741 1884 767 mane

57 802 235 857 coepta?

170 876 205 915 5.
238 875 325 916 obd.
358 890 387 915 s,
419 875 449 929 s.
482 891 512 916 s.
573 873 772 916 Obducta
803 874 828 914 i.
862 888 895 914 e.
928 873 972 913 in
1003 888 1131 929 rugas
1170 879 1397 923 contracta,
1438 888 1486 914 ac
1517 887 1592 927 per
1622 872 1702 914 hoc
1739 886 1885 914 seuera

57 954 95 989 et
126 947 267 988 tristis.
328 946 398 989 Sic
429 962 530 1002 ergo
564 947 641 1004 [ct]
674 956 910 989 senectutem
940 961 1016 1002 pro
1048 946 1255 1002 grauitate
1286 961 1335 987 ac
1366 946 1587 987 seueritate
1618 946 1775 1001 accipe.

171 1021 206 1062 6.
239 1029 281 1062 tu
310 1022 411 1062 uina
446 1022 488 1062 Τ.
520 1037 569 1062 m.
603 1038 636 1063 e.
666 1037 705 1078 p.
737 1036 786 1062 m.
860 1020 1090 1075 Praecipit,
1121 1019 1220 1060 uina
1249 1019 1429 1074 proferri
1460 1019 1623 1061 Manlio
1668 1019 1884 1074 Torquato

58 1093 225 1136 consule
247 1093 405 1144 defusa,
437 1109 518 1149 quo
549 1110 659 1136 anno
690 1095 781 1150 ipse
812 1100 932 1135 natus
963 1093 1028 1144 sit,
1061 1093 1173 1148 quod
1204 1100 1244 1134 et
1264 1092 1364 1134 alibi
1387 1093 1634 1147 amphoram
1655 1092 1886 1147 adloquens

57 1167 239 1209 ostendit
271 1167 415 1209 dicens
463 1165 530 1218 (C.
563 1167 643 1218 ΙΙΙ,
677 1169 742 1217 21,
777 1169 842 1223 1);
891 1168 926 1208 O
955 1175 1053 1208 nata
1083 1181 1237 1208 mecum
1273 1166 1439 1208 Consule
1470 1167 1635 1209 Manlio.
1714 1165 1786 1206 Ad
1807 1166 1887 1207 hoc

58 1255 160 1298 ergo
191 1240 387 1296 pertinet,
420 1241 532 1295 quod
565 1241 685 1282 dicit:
722 1242 923 1296 Torquato
952 1256 1047 1282 meo.

172 1316 209 1355 7.
242 1314 337 1355 deus
368 1314 461 1356 haec
491 1316 521 1368 s.
553 1315 585 1355 b.
615 1330 649 1356 r.
680 1317 704 1356 i.
736 1330 766 1356 s.
802 1330 841 1356 u.
904 1312 1063 1355 Sensus
1100 1319 1179 1354 est:
1226 1311 1347 1354 Haec
1387 1311 1607 1369 [quoque]‚
1646 1312 1697 1353 de
1735 1310 1888 1366 quibus

59 1387 260 1429 sollicitus
291 1402 347 1437 es,
379 1388 553 1430 fortasse
584 1387 789 1443 benignus
820 1386 1010 1428 restituet
1039 1385 1116 1427 tibi
1147 1385 1263 1435 deus,
1300 1385 1373 1440 qui
1402 1385 1517 1427 uices
1548 1385 1672 1427 rebus
1692 1385 1886 1426 humanis

60 1461 285 1503 constituit.

172 1536 208 1575 9.
241 1543 276 1576 et
302 1535 380 1591 sicle
417 1534 612 1591 Cyllenea.
673 1532 723 1575 Id
756 1541 830 1584 est,
878 1532 1052 1583 chorda,
1085 1546 1211 1587 quam
1240 1531 1481 1574 Mercurius
1515 1531 1688 1581 inuenit,
1735 1546 1784 1572 ac
1813 1546 1889 1587 per

59 1607 138 1649 hoc
169 1607 274 1663 lyra.

176 1682 239 1722 11.
271 1682 414 1722 nobilis
445 1689 489 1723 ut
520 1682 661 1723 cecinit
689 1681 841 1736 qrandi
880 1680 985 1722 Cent.
1025 1681 1201 1721 alumno.
1274 1676 1405 1720 Chiro
1450 1678 1609 1720 scilicet
1654 1685 1889 1721 centaurus.

61 1755 225 1796 alumno
256 1754 281 1795 i.
314 1768 347 1795 e.
380 1753 553 1795 Achilli.

174 1829 239 1869 15.
271 1829 377 1869 unde
409 1829 480 1869 tibi
508 1842 540 1868 r.
573 1843 604 1869 c.
636 1843 667 1869 s.
701 1836 725 1869 t.
753 1842 793 1883 p.
851 1826 957 1868 Tale
989 1833 1050 1868 est
1080 1834 1122 1867 et
1152 1825 1257 1867 illud
1288 1824 1362 1879 (A.
1394 1824 1454 1875 X,
1477 1826 1602 1881 814):
1636 1833 1890 1881 eoetremaque

63 1902 195 1943 Lauso
227 1903 380 1943 Parcae
407 1901 480 1957 fila
512 1902 658 1956 lequnt.

61 2106 209 2145 pluuium.
235 2106 444 2137 scribendum
470 2111 564 2145 puto:
589 2116 642 2136 nec
666 2106 751 2136 aliud
774 2106 934 2145 quidquam
958 2106 1011 2144 agi
1037 2106 1149 2143 possit.
1180 2105 1300 2134 Notum
1325 2108 1432 2134 autem
1458 2108 1518 2141 est,
1544 2105 1671 2133 nomina
1694 2104 1891 2144 nequidquam

63 2166 95 2193 et
119 2173 172 2192 nec
194 2163 355 2202 quidquam
380 2173 405 2192 s.
438 2162 592 2202 quicquam
624 2167 719 2201 atque
750 2163 903 2192 aduerbia
933 2161 1127 2201 nequicquam
1159 2165 1191 2190 et
1221 2161 1398 2200 nequiquam
1429 2162 1557 2199 saepius
1590 2160 1742 2190 confundi
1776 2162 1807 2190 in
1839 2171 1890 2191 co-

63 2220 200 2257 dicibus⁷
226 2223 262 2249 ut
287 2229 383 2257 supra
409 2219 564 2250 diximus.
589 2219 673 2249 conf.
698 2218 849 2257 Wagner.
876 2228 906 2257 p.
935 2218 1010 2248 459.

179 2276 211 2314 1)
238 2277 337 2306 densa
359 2275 531 2314 MR2G‚rv.
560 2276 674 2305 densas
691 2275 787 2311 ath.
812 2284 846 2318 γι
868 2273 986 2305 Caelum
1009 2275 1062 2304 hic
1079 2284 1136 2313 pro
1153 2274 1293 2304 nubibus
1312 2274 1539 2312 accipiendum.
1565 2273 1715 2303 contraxit
1738 2274 1770 2303 in
1794 2282 1891 2302 unum

63 2333 178 2371 coegit.
204 2342 240 2362 ac
265 2343 319 2371 per
343 2333 404 2362 hoc
427 2332 535 2362 densas
559 2335 740 2370 tempestates
763 2331 859 2370 effecit
883 2332 943 2370 (z
961 2330 1013 2369 C),
1038 2336 1075 2361 ut
1099 2331 1210 2369 (Verg.
1231 2331 1271 2359 A.
1289 2330 1327 2366 Vy
1348 2331 1424 2369 20):
1450 2333 1535 2368 atque
1558 2329 1589 2358 in
1612 2328 1735 2358 nubibus
1760 2326 1890 2367 Ombis?

64 2390 174 2419 nubem
185 2389 300 2429 Vei-g.)
325 2389 440 2428 coyitur
464 2399 536 2428 aqer
561 2387 657 2428 (aer).
684 2389 783 2418 nubes
806 2388 920 2418 Isidor.
939 2388 978 2417 de
995 2388 1034 2417 N.
1053 2387 1088 2417 R.
1109 2387 1160 2416 22.
1187 2387 1248 2416 Pro
1273 2386 1366 2416 densa
1379 2385 1459 2425 fec-it
1483 2385 1585 2415 scribe
1610 2385 1753 2415 densauit.
1772 2385 1892 2415 Lucan.

63 2445 117 2483 IV,
146 2446 203 2475 76:
223 2446 333 2474 nubes.
352 2444 488 2480 Quintil.
506 2444 546 2482 V,
562 2446 591 2474 9.
607 2445 758 2474 tenebrae
777 2444 874 2483 Verg.
895 2442 932 2474 G.
952 2444 976 2482 1,
995 2445 1070 2473 248.
1101 2443 1136 2482 3)
1156 2443 1226 2473 Hoc
1244 2443 1310 2472 sch.
1323 2442 1485 2480 Qadsign.
1505 2442 1635 2472 Aci-oni.
1671 2441 1705 2481 6)
1723 2442 1841 2471 accidit
1861 2442 1891 2470 2.
1909 2458 1911 2461 ‹

64 2501 139 2531 Aer.
157 2501 353 2531 ducebantur
371 2500 494 2540 2G(Q).
517 2500 708 2531 dicebantur
722 2501 756 2530 M
775 2500 915 2540 (Halm.)
931 2499 1077 2538 R‚rvafh.
1092 2517 1133 2520 -ss
1148 2499 1357 2529 Scribendum
1384 2503 1431 2529 est
1457 2499 1621 2528 ducantur.
1646 2498 1839 2528 occasionem.
1864 2507 1890 2528 S.

65 2558 205 2588 conuiuii
231 2558 307 2596 quia
331 2557 454 2595 pluuias
481 2561 538 2587 est.
564 2557 600 2587 de
624 2557 681 2587 die.
708 2558 771 2587 isto
796 2557 857 2600 Βφ.
908 2557 942 2595 8)
968 2566 1098 2586 saeuera
1122 2555 1165 2584 M.
1191 2565 1227 2584 ac
1251 2555 1357 2584 tristis
1381 2554 1470 2584 vafh.
1497 2555 1567 2585 rell.
1586 2559 1621 2584 et.
1647 2564 1702 2584 rv:
1729 2557 1893 2584 contracta

65 2623 101 2644 ac
125 2618 273 2653 torquato
299 2623 392 2644 moue
417 2615 547 2644 consule
571 2623 626 2651 per
650 2614 709 2644 hoc
736 2613 857 2643 Seneca
883 2613 962 2651 (sic)
988 2613 1098 2642 tristis
1124 2621 1148 2641 s.
1174 2621 1225 2651 esso
1250 2615 1447 2641 senectutem
1475 2612 1608 2650 (Seuera
1631 2621 1668 2641 ac
1693 2611 1812 2640 tristis.
1839 2609 1893 2640 Sic

67 2680 142 2709 ergo
159 2674 191 2700 et
209 2680 275 2700 sen.
294 2670 342 2710 v).
368 2680 404 2700 ac
429 2670 535 2700 tristis
552 2669 642 2699 vafh.
691 2670 727 2708 9)
754 2673 783 2699 et
798 2679 858 2699 om.
874 2669 940 2707 R‚r.
992 2670 1047 2708 10)
1074 2668 1206 2706 precipit
1224 2678 1247 2697 r.
1265 2667 1418 2705 praecipit
1434 2667 1524 2697 vafh.
1544 2668 1613 2696 rell.
1632 2668 1802 2705 praecepit.
1820 2676 1891 2704 pro-

66 2727 147 2757 ferre
162 2726 267 2756 rvafh.
293 2727 362 2756 rell.
388 2726 529 2765 proferri.
548 2726 656 2756 Mallio
673 2730 722 2755 ter
739 2726 831 2763 M,fh.
856 2725 965 2755 Mallio
984 2730 1016 2755 et
1034 2726 1084 2755 bis
1101 2725 1219 2754 manlio
1235 2724 1271 2753 R.
1291 2724 1406 2753 manlio
1425 2728 1455 2753 et
1472 2724 1522 2753 bis
1541 2723 1647 2753 mallio
1665 2733 1689 2752 r.
1708 2723 1826 2752 manlio
1844 2726 1893 2752 ter

66 2785 141 2822 2,va
158 2781 276 2822 (GPQ).
328 2781 384 2822 ll)
409 2782 517 2812 defusa
543 2783 635 2812 codd.
661 2782 780 2822 diffusa
805 2783 875 2814 edd.
898 2800 933 2803 -
955 2781 1049 2821 alufo.
1074 2785 1100 2810 et
1123 2781 1186 2819 loq.
1212 2780 1246 2809 M
1265 2780 1387 2818 (Halm.
1415 2779 1515 2818 amph.
1542 2780 1604 2808 adl.
1632 2779 1658 2814 Q
1677 2789 1707 2817 p.
1725 2778 1892 2818 XXXIII).

68 2840 163 2878 alloq.
188 2840 294 2878 amph,
322 2838 371 2868 2G
398 2839 477 2877 (adl.
505 2838 560 2877 Q).
585 2839 656 2868 rell.
683 2840 791 2876 amph.
818 2839 914 2877 alloq.
965 2839 1021 2877 14)
1048 2846 1171 2876 quoque
1197 2837 1265 2866 afh.
1291 2837 1360 2866 rell.
1387 2846 1448 2865 om.
1474 2835 1508 2864 M
1532 2836 1655 2865 duobus
1682 2836 1893 2874 sequentibus

68 2894 206 2925 Scholiis
231 2896 425 2933 postposuit.
477 2895 532 2933 15)
557 2894 636 2923 uices
661 2904 721 2924 om.
746 2894 812 2932 R‚r.
839 2894 932 2924 corda
948 2893 993 2923 M.
1012 2903 1052 2922 1n.
1080 2903 1105 2923 s.
1131 2896 1168 2922 ut
1193 2896 1274 2922 uett.
1303 2893 1394 2923 codd.
1420 2891 1548 2921 Horatii
1575 2891 1640 2920 fere
1666 2901 1784 2921 omnes.
1836 2890 1893 2931 18)

67 2951 139 2990 lyra
161 2949 349 2989 M2G(Q),r.
375 2951 479 2989 lyram
502 2950 591 2987 R‚va.
617 2951 722 2989 lyram
744 2950 843 2989 signat
865 2951 911 2980 fh.
963 2950 1018 2988 19)
1043 2948 1151 2978 cecinit
1169 2948 1285 2988 yrancli
1301 2948 1416 2986 M‚rva.
1436 2947 1521 2977 conf.
1541 2947 1615 2976 Aer.
1640 2948 1756 2985 vulgo:
1778 2947 1896 2987 grandi

69 3007 173 3037 cecinit
185 3004 275 3047 (QP).
302 3017 334 3049 γε
361 3007 491 3037 alumno.
517 3008 627 3036 chiron
652 3007 772 3036 achilli.
788 3006 850 3050 Βφ,
870 3006 911 3036 C:
937 3006 1048 3036 achilli
1073 3015 1156 3044 quem
1180 3004 1338 3034 nutriebat.
1365 3014 1416 3034 va:
1443 3005 1476 3034 id
1502 3008 1551 3033 est
1577 3004 1707 3042 achilli,
1733 3005 1801 3034 rell.
1830 3014 1891 3034 om.

70 3063 104 3092 id
129 3068 189 3093 est.
215 3067 326 3094 totam.
353 3064 396 3102 gl.
422 3074 482 3093 om.
509 3073 533 3092 r.
558 3063 687 3092 Plenius
712 3062 746 3091 M
781 3061 915 3100 (Halm,
953 3063 1036 3100 negl.
1064 3061 1102 3097 Q.
1128 3062 1148 3090 l.
1174 3061 1230 3100 l.):
1271 3060 1359 3090 Chiro
1382 3060 1493 3090 scilicet
1519 3059 1693 3090 Centaurus.
1718 3060 1837 3090 alumno
1861 3060 1894 3089 id

70 3123 113 3149 est
135 3119 252 3149 achilli.
278 3120 344 3149 Iam
359 3119 532 3149 Ascensius
558 3117 607 3157 (a)
634 3119 732 3148 habet
758 3119 919 3148 scholion:
947 3117 1067 3147 Chiron
1084 3117 1265 3154 —Achilli,
1293 3120 1324 3146 et
1349 3117 1513 3146 Fabricius
1532 3115 1599 3156 (fh)
1620 3118 1684 3146 sic:
1711 3116 1891 3146 Centaunus.

71 3174 189 3205 Chiron
215 3176 350 3205 scilicet.
376 3175 510 3205 Alumno.
535 3174 656 3204 Achilli
681 3175 780 3204 tacite
806 3185 867 3205 om.
895 3174 932 3209 Q.
998 3173 1054 3212 22)
1080 3173 1148 3202 laus
1173 3182 1262 3211 parce
1294 3173 1361 3202 filia
1391 3174 1505 3211 legunt
1536 3173 1570 3202 M
1604 3173 1742 3212 (Halm.)
1774 3174 1842 3201 laus
1875 3182 1892 3202 o

72 3241 186 3270 parcae
211 3231 232 3261 f.
258 3233 279 3261 l.
304 3232 340 3261 R.
366 3242 417 3262 rv:
443 3236 589 3262 extrema
612 3235 639 3261 et
661 3230 729 3260 aliis
753 3240 769 3260 o
793 3240 884 3270 parce
910 3231 963 3261 fila
987 3231 1110 3269 legunt.
1137 3233 1284 3268 extraque
1309 3229 1396 3259 lauro
1422 3230 1451 3260 2.
1478 3228 1562 3259 conf.
1588 3228 1661 3259 Aer.

1932 663 1949 693 <ss

1912 1028 1953 1060 10

1915 1394 1954 1426 15
