2283 3535
804 208 851 240 IN
878 207 1022 240 CARM.
1054 207 1115 245 Ν,
1141 211 1171 239 9.
1823 192 1904 232 415

196 337 262 377 41.
294 334 499 377 honestum
524 348 566 389 p.
600 348 637 374 u.
697 331 799 373 Plus
831 330 977 372 dilexit
1007 331 1266 371 honestatem
1299 342 1424 383 quam
1454 327 1687 369 utilitatem.

197 410 263 449 42.
297 408 388 449 allo.
449 405 668 455 Prudenti‚
700 404 921 460 profundo.
954 428 1004 433 —

197 482 435 523 nocentium.
492 478 726 520 Noxiorum
758 484 795 518 et
828 489 1097 531 corrumpere
1129 474 1285 516 iudicia
1318 473 1624 528 temptantium.

197 556 263 595 44.
296 555 439 595 πίθων.
501 552 585 594 Uel
617 551 870 605 cupiditatis,
902 550 969 591 uel
999 549 1191 591 hostium.
1269 546 1474 599 Quotiens
1512 546 1646 587 uictor
1677 545 1908 594 emerseris,

85 628 236 670 totiens
267 626 411 668 consul
443 625 632 667 efficeris.

198 702 263 741 45.
297 715 371 741 noo
395 715 503 755 poss.
535 714 584 740 m.
618 714 655 740 u.
688 713 721 739 r.
755 698 787 739 b.
846 695 941 738 Non
973 703 1083 737 recte
1114 694 1288 735 diuitem
1320 692 1488 734 beatum
1509 691 1666 741 uocari,
1699 691 1772 732 sed
1793 691 1911 731 illum

86 774 238 817 rectius
270 773 435 814 beatum
467 772 563 822 dici,
597 773 667 827 qui
698 771 939 813 felicitatem
970 769 1210 810 moderetur
1240 778 1277 808 et
1316 782 1398 808 non
1439 758 1591 807 habeat
1630 763 1911 806 execrabilem

86 854 375 903 paupertatem
407 846 584 901 plusque
615 845 758 886 timeat
788 853 919 886 morte
952 850 1182 898 peccatum.

200 921 266 961 46.
298 928 477 976 occupat.
540 916 634 960 Sibi
664 918 863 959 uindicat.

199 995 266 1035 49.
300 994 424 1035 callet.
484 992 708 1048 Ingeniose
740 992 869 1042 nouit,
915 998 957 1032 ut
989 991 1078 1045 ipse
1110 989 1211 1030 alibi
1243 987 1318 1044 (A.
1351 987 1399 1029 P.
1433 988 1554 1043 274):
1602 987 1913 1043 Leqz'timumque

89 1083 231 1111 sonum
262 1068 391 1123 de'qitis
424 1066 613 1110 callemus
645 1076 676 1108 ee
708 1081 821 1108 aure.

822 1193 1180 1240 PORPHYRION.

202 1289 261 1332 Ne
289 1289 318 1344 s.
353 1303 382 1330 c.
416 1290 438 1329 τ’.
499 1287 619 1329 Haec
651 1288 729 1329 ode
751 1287 804 1328 ad
826 1286 886 1328 M.
909 1286 1095 1328 Lollium
1117 1284 1275 1340 scripta
1296 1291 1358 1325 est
1378 1282 1652 1332 consularem,
1690 1296 1772 1336 qua
1801 1281 1916 1322 affir-

90 1370 187 1413 mat,
220 1361 558 1403 inmortalitatem
590 1361 783 1402 habitura
814 1360 970 1416 scripta
1001 1374 1088 1409 sua,
1111 1358 1303 1414 quamuis
1334 1357 1415 1399 sint
1447 1356 1519 1397 alii
1541 1364 1637 1396 ante
1659 1370 1702 1396 se
1722 1355 1917 1397 meliores

91 1444 257 1492 poetae:
305 1452 401 1477 nam
433 1450 509 1476 nec
539 1435 718 1476 Homeri
749 1434 1082 1490 magnitudinem
1120 1431 1304 1481 obstare,
1351 1445 1430 1485 quo
1462 1429 1600 1470 minus
1629 1428 1841 1470 Pindarus
1879 1438 1916 1470 et

91 1510 162 1552 alii
193 1521 354 1565 poetae,
387 1509 457 1564 qui
488 1516 633 1564 postea
663 1508 815 1549 mortui
847 1515 954 1556 sunt,
988 1507 1090 1547 clari
1120 1505 1338 1546 habentur.
1409 1502 1556 1544 Prima
1587 1510 1725 1543 autem
1755 1501 1918 1557 syllaba

91 1584 195 1626 odae
226 1583 347 1625 huius
379 1582 637 1624 cunumfiexe
675 1581 932 1623 enuntianda
972 1588 1045 1630 est,
1082 1587 1125 1620 ut
1166 1579 1216 1620 sit
1256 1586 1296 1619 ut
1333 1592 1381 1619 ne
1418 1577 1560 1618 credas
1595 1576 1622 1617 i.
1661 1590 1696 1616 e.
1738 1590 1789 1617 ne
1828 1590 1918 1617 cre-

93 1657 264 1699 dideris.

205 1732 242 1771 3.
273 1745 352 1772 non
384 1747 419 1772 α.
449 1746 488 1771 u.
512 1746 555 1787 p.
586 1746 619 1771 a.
683 1727 913 1779 Gloriatur,
946 1742 988 1769 se
1020 1728 1202 1783 primum
1224 1726 1356 1782 lyrica
1378 1725 1566 1767 carmina
1587 1724 1743 1766 Latina
1772 1724 1920 1780 lingua
1946 1737 1952 1746 ·

94 1819 237 1846 ausum
272 1804 467 1846 seribere.

207 1880 242 1918 7.
281 1878 413 1933 Ceaeq.
445 1887 479 1919 el
511 1893 545 1918 α.
578 1893 627 1918 m.
689 1876 930 1919 Simonides
960 1875 1118 1931 lyricus
1148 1882 1272 1929 poeta
1295 1871 1407 1915 Ceus
1437 1872 1513 1914 fuit
1545 1872 1570 1913 i.
1594 1886 1628 1913 e.
1660 1886 1711 1913 ex
1735 1870 1823 1913 Cea
1854 1872 1920 1913 in-

94 1950 194 1992 sula.
257 1952 429 1994 Minaces
461 1958 598 1992 autem
629 1949 779 1991 Alcaei
812 1965 995 1991 camenae
1027 1949 1235 1997 dicuntur,
1268 1946 1466 2001 quoniam
1497 1945 1602 1987 adeo
1634 1960 1800 1986 amarus
1830 1945 1919 1995 fuit,

93 2031 135 2065 ut
167 2024 405 2066 austeritate
437 2024 635 2066 carminis
667 2024 729 2066 sui
760 2024 904 2066 multos
935 2023 1103 2064 ciuitate
1135 2020 1316 2074 eiecerit.

206 2099 243 2139 9.
276 2113 357 2153 neq.
390 2099 520 2154 siquid
550 2114 583 2140 o.
615 2099 638 2139 l.
670 2099 717 2140 A.
798 2098 921 2147 Lusit,
966 2096 1114 2150 inquit,
1161 2094 1260 2150 quia
1304 2094 1407 2136 iocis
1452 2101 1491 2134 et
1538 2092 1744 2134 conuiuiis
1790 2092 1921 2148 digna
1946 2101 1984 2114 ·“

97 2172 276 2227 scripsit.

209 2247 272 2286 11.
304 2247 386 2287 w'u.
419 2260 450 2286 c.
474 2246 631 2287 c.Aeol.
653 2246 681 2299 f.
698 2261 741 2301 p.
788 2245 971 2286 'Calor-es
1002 2257 1079 2299 pro
1111 2256 1275 2284 amores
1306 2241 1513 2282 dicuntur.
1576 2238 1752 2295 Sappho
1783 2248 1921 2281 autem

97 2318 319 2374 significat.
353 2333 458 2373 quae
489 2318 668 2360 Aeolide
701 2318 879 2360 dialecto
910 2332 985 2359 usa
1016 2324 1087 2358 est.

210 2393 273 2433 13.
304 2407 384 2434 non
414 2408 444 2433 s.
478 2401 650 2448 comptos
670 2408 702 2432 (ι.
726 2393 906 2434 adulteri
925 2393 1062 2432 crines.
1124 2392 1238 2432 Arsit
1260 2391 1387 2431 crines
1408 2404 1485 2444 pro
1508 2388 1684 2443 deperit,
1721 2394 1789 2428 aut
1823 2387 1921 2442 quia

96 2465 264 2516 amauit,
296 2466 448 2507 dictum
479 2475 550 2507 est.
609 2465 706 2507 Hac
737 2472 874 2506 autem
905 2464 1079 2520 periodo
1112 2464 1285 2519 colligit,
1318 2477 1443 2518 saepe
1474 2462 1621 2504 eadem
1652 2462 1775 2511 facta,
1814 2476 1920 2517 quae

96 2538 295 2594 legimus3
328 2539 439 2581 circa
470 2539 594 2580 Ilium
626 2547 756 2595 gesta,
792 2539 884 2595 [sed
905 2553 953 2579 ea
974 2537 1153 2594 tantum]
1178 2536 1330 2591 quibus
1352 2541 1368 2591 (
1373 2536 1483 2590 quod
1505 2535 1603 2590 iis?)
1636 2535 1773 2577 clarus
1800 2543 1924 2590 poeta

97 2601 332 2668 contigerit,
364 2620 611 2668 perpetuam
643 2612 872 2654 obtinuisse
904 2611 1162 2653 memoriam.

214 2764 247 2802 l)
274 2764 340 2793 seh.
369 2773 429 2792 om.
454 2763 514 2792 A2.
569 2764 604 2802 4)
631 2762 786 2798 Quotiens
812 2762 937 2792 emersit
960 2762 1000 2792 A.
1027 2762 1172 2800 quotiens
1198 2761 1361 2791 emerserit
1383 2770 1408 2797 r,
1434 2763 1479 2790 to.
1507 2769 1552 2790 co.
1579 2759 1628 2789 eff.
1656 2768 1717 2789 om.
1750 2758 1821 2797 A,r.
1848 2767 1924 2797 quo-

99 2819 184 2848 tiens
210 2836 250 2840 ——
277 2819 415 2849 efficeris
440 2829 499 2849 om.
525 2819 606 2848 R2l.
657 2820 692 2858 8)
719 2820 811 2848 timet
836 2819 897 2848 A2.
960 2819 994 2857 9)
1021 2819 1112 2848 uend.
1140 2818 1205 2856 R,r.
1270 2818 1324 2855 10)
1351 2817 1519 2856 Ingeniose
1546 2827 1605 2846 om.
1632 2817 1694 2845 A2.
1722 2820 1757 2845 ut
1783 2832 1825 2836 —
1849 2825 1925 2846 aure

99 2885 160 2905 om.
185 2875 274 2913 A2‚r.

210 2933 366 2963 PORPH.
418 2933 487 2963 Ode
514 2932 730 2962 LXXXXVII.
757 2933 797 2962 ad
822 2933 947 2963 lollium
973 2933 1009 2962 R.
1078 2932 1132 2971 14)
1160 2929 1227 2975 ωόη
1252 2932 1296 2961 Μ.
1322 2931 1468 2960 Marcum
1493 2940 1517 2959 s.
1545 2930 1587 2959 M.
1619 2939 1679 2959 om.
1713 2929 1821 2959 rvafh.
1848 2939 1927 2967 quae

99 2989 147 3019 fh.
213 2991 266 3029 15)
293 2989 407 3019 scribta
431 2990 474 3019 M.
499 3000 529 3028 q.
558 2991 623 3019 sint
647 2989 770 3019 AR2G.
796 3000 855 3018 om.
882 2990 953 3019 edd.
1021 2989 1077 3028 16)
1103 2993 1216 3027 poetae
1229 2988 1354 3027 suerint
1380 2988 1445 3017 vfh.
1472 2986 1595 3016 fuerint
1620 2995 1679 3015 om.
1706 2986 1797 3015 codd.
1825 2991 1855 3015 et
1879 2996 1924 3015 ra.

105 3046 159 3083 17)
185 3047 302 3075 mortui
327 3046 403 3083 R2‚r
428 3047 522 3075 morti
545 3045 589 3075 M.
616 3046 684 3075 rell.
710 3047 782 3075 orti.
809 3046 889 3074 conf.
915 3046 989 3074 Aer.
1042 3046 1095 3083 18)
1118 3049 1269 3084 promunt.
1295 3045 1331 3073 R.
1359 3045 1401 3073 sit
1426 3053 1487 3073 cm.
1513 3042 1560 3072 fh.
1617 3042 1674 3081 22)
1702 3051 1857 3080 caeaeque
1881 3042 1924 3070 M.

104 3101 160 3139 23)
185 3101 321 3131 Alcaeae
345 3103 431 3131 libri.
458 3102 571 3132 Alcaei
594 3103 683 3140 posui
710 3106 745 3131 ut
770 3102 803 3130 in
827 3102 898 3131 Aer.
926 3119 965 3123 ——
992 3101 1063 3131 ideo
1088 3102 1132 3131 M.
1184 3103 1240 3141 24)
1266 3102 1393 3130 eie-:erit
1419 3098 1518 3129 RAG.
1544 3098 1650 3129 eicerit
1667 3099 1710 3128 M.
1736 3100 1853 3128 eiceret
1879 3108 1924 3127 iv.

103 3159 171 3187 rell.
199 3158 340 3188 eiiceret.
390 3160 445 3197 25)
472 3160 576 3198 inquit
601 3169 661 3188 om.
687 3159 733 3188 fh.
758 3176 801 3179 -—
827 3158 953 3188 scribsit
970 3158 1012 3187 M.
1063 3159 1120 3196 27)
1146 3158 1224 3187 saffo
1240 3158 1284 3187 M.
1335 3156 1392 3196 29)
1418 3157 1535 3186 crinem
1550 3155 1622 3185 MR.
1672 3156 1728 3194 31)
1754 3154 1833 3184 Ilion
1857 3153 1924 3183 afh-

103 3215 159 3244 sed
185 3223 221 3244 ea
244 3218 370 3245 tantum
394 3215 460 3245 afh.
485 3216 554 3245 rell.
582 3225 640 3245 om.
665 3215 768 3254 quibus
792 3214 888 3250 ath.
916 3224 977 3253 quo
1003 3224 1057 3244 ars
1080 3214 1115 3244 R.
1143 3224 1204 3253 quo
1231 3214 1276 3243 ais
1291 3213 1334 3243 M.
1365 3223 1426 3251 quo
1451 3213 1495 3244 αίε
1517 3213 1597 3251 27rv.
1625 3212 1741 3251 quibus
1765 3214 1862 3241 autem
1888 3208 1925 3245 Q.

1943 995 1980 1025 lO

1944 1363 1983 1394 15

1947 2471 1988 2501 30
