2283 3535
834 197 881 229 IN
908 198 1042 231 Eroi).
1070 201 1166 232 xvi.
1831 200 1911 239 515

83 317 378 358 exsecrabatur
409 318 481 359 sed
513 318 664 359 ciuilia.
727 318 949 371 Quomodo
981 335 1082 377 crgo
1114 321 1229 372 dicit,
1268 323 1390 380 ni[si]
1413 326 1518 367 forte
1551 328 1606 368 ait
1637 329 1835 380 futurum,
1867 338 1912 373 ut

82 391 280 445 reliquias
312 391 485 432 adtritas
516 391 638 432 bcllis
670 392 865 433 ciuilibus
897 393 1013 434 urbis
1028 393 1188 436 Romae
1220 394 1390 436 barbari
1423 397 1651 440 inuadant?

196 465 260 504 13.
293 478 404 519 quac.
438 479 468 505 c.
500 479 540 504 u.
574 480 603 505 e.
635 480 665 506 s
690 480 780 505 ossa
808 467 981 516 (hce'tffe'm'
1041 466 1136 508 lIoc
1169 468 1228 509 sic
1260 468 1424 519 dicitur,
1459 472 1577 524 quasi
1608 472 1812 516 Romulus
1845 490 1909 517 sc-

80 537 220 592 pultus
251 538 315 588 sit,
348 553 431 579 non
463 537 516 578 ad
548 537 709 579 caelum
742 545 886 592 raptus
917 546 987 579 aut
1008 540 1255 595 descriptus,
1287 556 1384 582 nam
1415 544 1539 584 Varro
1562 544 1618 622 (Ρ)
1642 555 1735 600 post
1758 547 1909 590 Rostra

78 609 205 652 fuisse
236 611 442 666 sepultum
474 611 698 652 Romulum
730 611 844 652 dicit.

193 685 492 738 15.16.f0›te
523 685 630 740 qued.
662 699 750 740 carp.
788 685 990 726 Comitum.
1025 695 1095 727 aut
1126 687 1263 728 melior
1286 702 1390 742 pars
1420 689 1536 730 malis
1566 704 1648 730 car.
1670 705 1805 746 quaer.
1829 695 1906 735 lab.

79 755 537 814 Subdistinguemlum;
583 757 687 798 haec
733 757 843 798 cnim
889 758 1192 814 interrogatiua
1237 760 1373 815 figura
1418 761 1582 803 dicitur.
1643 762 1720 804 Ait
1748 771 1904 806 autem:

82 831 258 872 fortasse
289 838 359 871 aut
389 845 532 871 omncs
564 833 833 881 communiter,
865 838 935 871 aut
967 838 1076 872 certe
1107 834 1247 874 melior
1276 849 1377 889 pars
1408 837 1595 890 quaeritis
1627 851 1765 878 carcre
1795 839 1908 879 malis

77 904 312 945 laboribus?
342 905 486 945 Melior
518 918 619 959 ergo
650 918 727 958 pro
750 918 813 953 co,
845 903 957 958 quod
979 911 1040 945 cst
1060 907 1201 955 maior,
1239 906 1395 947 dictum
1418 914 1497 956 est3
1530 909 1635 950 sicut
1657 910 1769 964 apud
1799 911 1906 966 Verq.

76 975 150 1030 (A.
181 975 264 1017 IX.
301 977 422 1031 154):
457 978 578 1019 Nunc
611 978 708 1018 adeo
738 977 875 1018 melior
903 978 1088 1033 quonium
1115 993 1217 1033 pars
1248 987 1337 1020 uela
1370 981 1448 1020 <liei
1474 990 1540 1022 est.

190 1051 253 1089 17.
286 1050 413 1092 Nulla
445 1052 493 1091 sil
524 1050 599 1090 hac
621 1051 756 1105 potior
788 1058 884 1091 sent.
917 1049 1206 1092 Phocaeorum.
1280 1051 1543 1094 Elocutionis
1576 1069 1721 1096 sensus
1754 1056 1813 1096 sic
1844 1063 1904 1097 est

79 1121 359 1163 ordinandus:
394 1121 443 1163 Si
473 1122 687 1176 quaeritis,
735 1122 835 1177 quid
866 1122 987 1164 uobis
1019 1124 1230 1179 agendum
1263 1124 1327 1174 sit,
1373 1126 1552 1180 accipite
1583 1128 1816 1178 consilium,
1861 1137 1906 1170 ut

75 1195 190 1236 nulla
221 1195 274 1236 sit
303 1195 441 1250 potior
471 1195 591 1236 uobis
633 1196 838 1236 sententia
875 1211 999 1250 quam
1047 1196 1152 1253 [ut]:
1200 1197 1303 1238 eatis
1350 1213 1611 1253 quocumque
1656 1201 1786 1255 pedes
1830 1217 1905 1243 uos

73 1269 219 1310 ferent.
250 1268 363 1309 uelut.
394 1268 684 1310 Phocaeorum
716 1269 863 1309 ciuitas
894 1269 1081 1324 profugit.
1111 1277 1326 1310 exsecrata
1357 1287 1483 1327 agros
1517 1280 1640 1327 atque
1662 1273 1796 1316 Lares
1828 1290 1904 1329 pa—

72 1341 186 1391 trios,
216 1342 397 1396 fanaque
429 1342 599 1397 reliquit
628 1342 856 1383 habitanda
888 1342 1002 1397 apris
1033 1349 1072 1382 et
1102 1343 1329 1397 rapacibus
1360 1344 1482 1399 lupis.
1532 1345 1718 1388 Phocaei
1751 1354 1903 1398 autem,
1954 1360 1968 1387 r

188 1497 219 1535 1)
247 1496 457 1526 execrabatur
482 1497 616 1534 MR2,rv
642 1495 892 1536 (execrabatur).
919 1496 987 1526 rell.
1015 1501 1197 1526 execratur.
1225 1497 1294 1527 ιΑΗ
1327 1499 1396 1528 Non
1423 1500 1512 1529 barb.
1540 1504 1713 1530 execratur
1737 1502 1824 1531 bella
1849 1503 1906 1532 sed

70 1553 192 1583 ciuilia.
218 1553 292 1583 Asc.
319 1564 378 1583 om.
409 1553 503 1583 bella:
540 1563 601 1583 non
636 1554 802 1582 barbarica
838 1557 1024 1583 execratur:
1062 1554 1118 1583 sed
1155 1555 1274 1584 ciuilia.
1311 1554 1346 1584 fh
1384 1556 1507 1584 addunt
1533 1555 1616 1585 bella.
1642 1557 1710 1599 Btp:
1739 1559 1905 1597 ‘reliquias

70 1610 178 1648 inquit
205 1614 333 1640 nostrae
358 1611 445 1639 urbis
470 1610 597 1639 barbari
625 1610 837 1647 occupabunt.
880 1610 923 1639 Et
948 1610 1062 1639 melius
1089 1611 1261 1640 dicendum
1285 1611 1388 1640 insisto
1422 1612 1512 1641 illam
1541 1621 1604 1641 rem
1635 1623 1729 1651 quam
1765 1615 1812 1643 illi
1846 1616 1903 1650 rei,

68 1670 135 1695 teste
160 1666 290 1696 Seruio!
318 1666 399 1695 niM
425 1666 561 1704 (Halm.,
588 1676 646 1696 om.
674 1666 701 1701 Q
727 1667 748 1696 1.
776 1667 823 1705 1.).
859 1667 927 1695 rell.
953 1666 1021 1695 nisi.
1072 1667 1105 1705 2)
1132 1671 1200 1696 atlr.
1226 1667 1309 1705 libri,
1338 1678 1400 1698 non
1427 1668 1507 1698 adtr.
1536 1668 1700 1707 relliquias
1726 1670 1848 1700 attritis
1874 1672 1903 1700 2.

69 1721 104 1762 3)
130 1722 199 1752 Hoc
223 1722 251 1751 si
272 1722 306 1752 M
331 1723 399 1752 rell.
424 1722 475 1751 sic.
539 1724 573 1761 4)
600 1724 771 1761 discerptus
796 1722 1000 1756 MR2‚rvafh.
1027 1724 1180 1753 discertus
1208 1723 1247 1760 G,
1273 1729 1309 1754 ut
1333 1724 1426 1754 Fran.
1455 1725 1495 1753 ad
1520 1724 1553 1753 C.
1581 1724 1622 1761 II,
1653 1727 1703 1763 13,
1741 1727 1793 1763 23,
1829 1728 1905 1757 inde

69 1778 97 1814 Q
122 1779 276 1808 discretus
301 1779 378 1809 fecit
405 1784 437 1809 et
469 1780 597 1817 recepit.
636 1780 721 1809 Nota
758 1784 807 1809 est
841 1781 929 1817 uulg.
967 1780 1063 1809 lectio
1102 1780 1260 1818 Seclesque
1296 1780 1441 1810 discretas
1460 1781 1585 1819 piorum
1610 1782 1667 1811 illo
1697 1783 1775 1813 loco.
1809 1784 1904 1813 Plebs

67 1845 86 1865 a
110 1836 228 1873 Plinio,
255 1845 353 1874 equae
378 1845 396 1865 a
420 1836 573 1873 Varrone⁷
611 1837 741 1866 ordines
767 1846 785 1864 a
815 1836 907 1865 Liuio
941 1837 1092 1866 dicuntur
1130 1837 1281 1873 discerni,
1321 1838 1376 1866 sed
1413 1839 1477 1867 alio
1515 1839 1608 1876 plane
1647 1848 1761 1876 sensu3
1802 1850 1904 1879 neque

67 1893 165 1922 etiam
189 1893 276 1921 locus
302 1892 464 1921 Lactantii
491 1892 562 1928 VII,
592 1893 642 1928 12,
661 1893 697 1922 4:
724 1902 789 1921 cum
812 1892 858 1921 uls
882 1893 985 1931 aliqua
1008 1897 1163 1932 utrumque
1187 1893 1371 1930 disci-cuerit,
1397 1902 1471 1932 quae
1497 1894 1637 1924 discretio
1662 1905 1742 1924 mors
1766 1901 1903 1933 uocatur,

66 1951 175 1977 tuetur
199 1948 356 1977 Romulum
380 1948 422 1977 ad
449 1948 562 1978 caelum
597 1952 717 1986 raptum
752 1952 805 1977 auc
838 1948 1006 1977 discretum.
1048 1949 1160 1987 Neque
1192 1949 1357 1986 discerptas
1390 1950 1519 1979 defendi
1558 1954 1664 1987 potest
1701 1951 1781 1981 locis
1815 1951 1902 1981 Suet.

66 2004 159 2034 Dom.
190 2005 227 2033 15
254 2009 285 2033 et
312 2004 378 2034 Cic.
405 2005 445 2034 N.
472 2005 512 2034 D.
538 2004 563 2042 Ι,
594 2006 647 2033 11:
687 2014 749 2033 non
786 2005 871 2033 uidit
908 2005 1119 2035 distractione
1156 2006 1367 2035 humanorum
1404 2005 1537 2045 discerpi
1572 2011 1599 2035 et
1633 2007 1771 2037 lacerari
1796 2008 1901 2037 deum.

65 2060 161 2098 Verg.
188 2061 227 2090 A.
253 2060 308 2098 IX,
335 2061 415 2090 313:
458 2061 564 2091 Omnia
588 2061 758 2099 dis-cespitat
782 2060 909 2099 (aurae)
935 2066 961 2090 et
984 2061 1110 2091 nubibus
1134 2061 1227 2090 inrita
1252 2061 1371 2090 donant.
1398 2061 1467 2104 Βφι
1500 2072 1568 2092 ossa
1592 2063 1716 2102 quirini.
1748 2064 1903 2093 Ostendit

66 2117 220 2146 romulum
247 2126 317 2146 esse
343 2118 505 2155 sepultum
529 2127 589 2146 uon
625 2117 667 2146 ad
701 2117 815 2147 caelum
849 2121 979 2156 raptum,
1018 2118 1097 2147 sicut
1137 2119 1234 2156 uulgo
1272 2118 1450 2147 dicebatur.
1488 2128 1521 2159 γε
1553 2121 1631 2148 ‘ossa
1665 2119 1787 2158 quirini.
1826 2121 1902 2158 quia

67 2183 191 2211 semper
216 2173 357 2203 clausum
384 2178 431 2203 est
460 2175 612 2211 templum
639 2174 717 2203 eius.
744 2183 806 2204 uon
840 2175 923 2203 enim
955 2175 1031 2204 licet
1062 2175 1208 2212 patefieri
1241 2175 1395 2212 templum
1431 2176 1563 2213 quirini.
1612 2176 1700 2211 Quae
1734 2185 1806 2205 ossa
1832 2186 1902 2206 cum

67 2230 132 2259 sint
157 2231 283 2267 sepulta
308 2230 399 2259 nefas
427 2235 475 2259 estv
500 2231 604 2268 palam
630 2231 699 2259 fieri
726 2231 778 2259 uel
803 2231 917 2259 uideri.
943 2230 1002 2259 hoc
1028 2231 1074 2259 sic
1100 2230 1198 2267 dixit,
1238 2231 1330 2268 quasi
1360 2233 1502 2261 romulus
1540 2233 1685 2270 sepultus
1711 2233 1754 2261 sit
1779 2236 1811 2262 et
1837 2243 1902 2263 non

67 2286 212 2315 sublatus
238 2287 278 2315 ad
311 2287 413 2316 celum
447 2291 502 2316 aut
539 2296 597 2316 non
633 2286 797 2325 descriptus
836 2286 916 2325 (non
948 2275 1132 2324 discerptus*
1150 2286 1199 2325 C).
1237 2296 1309 2317 nam
1347 2291 1378 2316 et
1415 2297 1508 2317 uarro
1538 2298 1600 2326 pro
1634 2288 1743 2317 rostris
1779 2287 1837 2326 (Ξ
1862 2288 1901 2328 C)

65 2341 168 2372 fuisse
193 2343 393 2381 sepulchrum
418 2343 529 2373 romuli
555 2343 614 2382 (z
628 2342 667 2382 C)
695 2344 796 2372 dicit!
824 2342 916 2372 Conf.
944 2342 968 2372 C
996 2347 1027 2373 et
1052 2352 1132 2381 quae
1159 2344 1247 2372 dicta
1273 2347 1349 2373 sunt
1375 2353 1471 2381 supra
1497 2345 1537 2372 ad
1552 2343 1592 2381 ΙΙ,
1616 2345 1666 2381 13,
1688 2346 1741 2374 23.
1791 2345 1826 2383 5)
1853 2355 1902 2375 se-

66 2400 181 2437 pultum
215 2399 378 2429 Romulum
413 2399 604 2439 MAR2(Q).
632 2400 836 2438 sepulchrum
861 2399 976 2430 romuli
998 2399 1162 2442 Y‚Crvafh.
1229 2400 1262 2438 7)
1284 2400 1520 2438 interrogatiua
1543 2399 1815 2440 MR2(G‘.>)‚vafh.
1843 2402 1905 2431 Sed

67 2456 335 2493 distinguendum
360 2456 439 2486 haec
465 2457 550 2485 enim
576 2457 805 2494 interrogatiue
830 2457 933 2494 figura
966 2466 990 2485 r.
1023 2456 1279 2493 interrogationis
1310 2457 1410 2485 tacite
1443 2457 1559 2485 inculc.
1593 2456 1630 2491 Q.
1657 2474 1698 2477 —
1725 2459 1772 2487 ait
1804 2461 1903 2488 aulem

65 2511 256 2551 MReGQ).
283 2513 354 2542 edd.
380 2514 426 2542 ait
450 2513 536 2542 enim.
600 2515 634 2551 9)
661 2514 743 2542 sicut
768 2512 980 2549 MRG,rvafh.
1009 2514 1053 2542 sic
1080 2513 1152 2550 2,Q.
1220 2512 1274 2551 11)
1301 2522 1337 2541 ac
1361 2512 1466 2550 potior
1496 2512 1569 2541 Par.
1603 2513 1617 2541 Ι
1650 2513 1743 2542 Bern.
1775 2514 1814 2543 A.
1857 2502 1901 2544 liic

66 2568 172 2606 pocior
196 2568 307 2598 Ambr.
338 2570 397 2599 hac
423 2569 521 2607 potior
550 2579 577 2598 a.
610 2570 669 2598 hac
702 2569 808 2599 melior
839 2570 869 2598 in
901 2570 1062 2605 lemmate,
1094 2569 1196 2607 pocior
1233 2569 1266 2597 in
1305 2569 1427 2598 scholio
1464 2579 1511 2598 rv.
1550 2569 1625 2598 haec
1661 2569 1765 2598 melior
1802 2570 1830 2599 G
1867 2572 1901 2600 in

65 2625 224 2654 lemmate.
250 2626 309 2654 hac
332 2625 436 2655 melior
460 2625 493 2654 M
518 2626 551 2655 in
576 2627 682 2655 lemm.
709 2630 794 2664 atque
819 2625 850 2654 iu
873 2625 992 2655 scholio.
1019 2627 1159 2664 inrepsit
1190 2625 1295 2654 melior
1326 2634 1367 2654 ex
1399 2635 1430 2654 u.
1472 2625 1509 2654 15
1536 2629 1568 2654 et
1594 2634 1635 2654 ex
1661 2627 1805 2663 praeced.
1833 2627 1901 2657 loco

66 2680 214 2719 Vergilii.
241 2681 333 2717 Quod
360 2682 387 2717 Q
414 2692 477 2712 non
502 2683 596 2719 uidit,
624 2683 678 2721 qui
703 2682 807 2711 melior
833 2682 867 2711 in
892 2683 1007 2711 lemma
1033 2682 1164 2720 recepit.
1191 2681 1290 2719 Atqui
1312 2681 1414 2719 potior
1438 2691 1501 2710 non
1528 2684 1577 2710 est
1603 2681 1711 2719 glossa
1744 2683 1799 2711 sed
1825 2692 1901 2713 uera

66 2737 164 2767 lectio
190 2739 330 2767 omnium
355 2739 420 2768 fere
446 2739 602 2768 codicum.
618 2738 783 2777 foceorum
808 2739 852 2768 M.
874 2738 1060 2777 plzoceorum
1096 2747 1172 2779 *(‚rV.
1205 2739 1415 2776 phocaeorum
1447 2747 1476 2767 a.
1514 2736 1591 2773 R,fh
1628 2747 1688 2766 om.
1727 2739 1759 2767 h.
1798 2749 1825 2768 u.
1866 2741 1900 2769 in

66 2793 227 2830 lemmate,
252 2795 286 2823 in
311 2795 409 2823 schol.
436 2796 646 2832 phocacorum
672 2795 801 2824 habent.
826 2804 861 2837 γε
892 2794 1002 2823 Melior
1028 2804 1083 2832 pro
1109 2794 1216 2823 maior.
1242 2794 1289 2823 Ut
1314 2794 1380 2822 ille.
1408 2794 1499 2823 Nunc
1524 2794 1604 2822 adeo
1635 2793 1774 2831 quoniam
1797 2795 1901 2825 mdior

67 2859 97 2887 p.
124 2859 153 2881 a.
181 2851 212 2879 d.
240 2854 299 2879 est..
327 2850 446 2879 Sensus
473 2854 519 2880 est
545 2855 663 2881 autem.
690 2850 773 2880 forte
798 2855 853 2880 aut
879 2860 987 2879 omncs
1014 2854 1069 2880 aut
1095 2851 1210 2879 melior
1236 2859 1309 2888 pars
1334 2851 1500 2879 hominum
1527 2850 1699 2879 consilium
1734 2860 1752 2879 a
1777 2860 1826 2879 me
1850 2862 1899 2881 re-

67 2906 242 2943 quirentes.
268 2907 533 2944 quemadmodum
558 2907 608 2936 his
634 2907 728 2936 malis
755 2908 871 2945 positis
900 2916 1008 2936 carere
1041 2907 1123 2944 quod
1157 2907 1249 2936 nobis
1281 2907 1440 2944 agendum
1474 2907 1516 2935 sit
1549 2907 1686 2943 accipite
1718 2908 1898 2938 consilium.

66 2971 130 2991 cum
141 2963 243 3000 potior
258 2962 384 2992 scientia
402 2963 483 2992 nobis
507 2963 591 2992 nulla
614 2963 652 2992 sit
676 2973 770 3001 quam
794 2968 826 2993 ut
850 2965 930 2993 eatis
956 2972 1153 3001 quocumque
1178 2972 1229 2992 uos
1246 2962 1339 3000 pedes
1365 2962 1481 2992 ferent.
1508 2963 1598 2992 uelut
1621 2963 1812 3000 phoceorum
1839 2966 1898 2994 ciu.

68 3027 97 3056 p.
124 3023 275 3048 execrata
314 3019 393 3059 (sic)
419 3029 469 3057 ag.
496 3024 560 3057 atq.
586 3019 640 3048 La.
666 3030 716 3058 pa.
746 3020 821 3050 fana
851 3021 942 3058 reliq.
976 3021 1028 3049 ha.
1060 3029 1110 3058 ap.
1146 3023 1176 3049 et
1208 3028 1253 3048 ra.
1280 3019 1376 3056 lupis.
1402 3018 1454 3048 hoc
1479 3023 1523 3048 est
1554 3019 1631 3048 enim
1664 3020 1732 3049 rell.
1766 3030 1816 3057 pa.
1852 3031 1897 3050 so.

69 3074 102 3102 in
128 3074 184 3103 Ga.
209 3085 280 3105 uen.
306 3085 402 3105 mass,
430 3077 540 3105 urbem
564 3080 596 3105 ut
619 3076 724 3105 lectum
749 3081 791 3105 est
815 3077 1041 3105 condiderunt.
1111 3076 1165 3114 13)
1194 3085 1288 3114 quam
1319 3076 1397 3104 eatis
1429 3074 1708 3116 MR«s·2G(Q),rva.
1743 3086 1837 3114 quam
1869 3081 1900 3105 ut

68 3130 150 3159 eatis
175 3129 219 3159 fh.
247 3128 340 3161 &atis
367 3132 410 3168 M,
452 3136 535 3161 teste
561 3132 603 3167 Q:
632 3133 698 3169 ‘pro
723 3136 755 3161 ut
777 3132 860 3161 eatis'
890 3130 919 3170 (Ῥ
946 3142 1038 3170 quam
1065 3133 1147 3161 eatis
1173 3131 1307 3169 Halm).
1335 3149 1375 3152 ——
1401 3141 1457 3161 uos
1482 3132 1578 3170 pedes
1603 3132 1699 3174 pafh.
1725 3142 1840 3161 crsecr.
1866 3132 1900 3161 M

69 3187 206 3216 inconst.
235 3191 266 3217 et
292 3187 319 3217 G
345 3189 413 3217 rell.
440 3197 541 3217 execr.
610 3186 664 3227 15>
696 3188 829 3228 fanaque
858 3188 998 3228 reliquid
1028 3189 1209 3218 habitanda
1240 3187 1284 3216 M.
1310 3187 1442 3225 fanaque
1465 3189 1599 3227 reliquit
1624 3188 1729 3217 inhab.
1757 3189 1786 3217 2.
1814 3191 1897 3226 patr.

1630 3252 1682 3276 33*
