2283 3535
850 216 892 245 ix
923 215 1053 245 ieron.
1083 216 1140 245 vi.
1813 208 1892 246 477

76 341 250 389 nuptum
281 334 398 388 petiit
431 341 466 374 ct
490 349 566 388 pro
588 335 849 376 deformitate
872 342 1132 390 contemptus
1154 343 1226 377 est.
1286 337 1395 377 Illud
1419 345 1555 378 tamen
1578 339 1717 380 uerius
1738 339 1894 387 uolunt,

76 407 285 448 Buba-lum
316 407 442 447 fuisse
474 406 676 460 pictorem
709 408 823 462 apud
856 407 1134 449 Clazomenas
1165 409 1375 450 ciuitatem
1408 409 1548 451 Asiae.
1610 411 1695 452 Hic
1726 411 1894 466 Hippo-

77 486 240 520 nactem
273 479 481 533 quendam
513 487 678 533 poetam
711 480 938 521 deformem
972 496 1047 535 pro
1079 481 1162 521 risu
1196 482 1352 535 pinxit3
1399 497 1480 536 quo
1513 483 1581 523 illc
1613 486 1750 524 furore
1782 500 1894 524 com-

75 559 209 594 motus
240 552 312 592 tali
344 567 437 593 eum
469 551 653 592 carmine
685 553 876 607 perculit,
921 560 963 594 ut
995 568 1038 594 se
1069 554 1219 608 laqueo
1260 555 1541 609 suspenderet.
1623 556 1747 598 Unde
1786 572 1897 598 nunc

76 624 222 667 similis
253 624 450 666 carminis
482 624 567 665 uim
598 625 802 666 maledico
834 627 1016 666 minatur
1052 626 1267 667 Horatius.

190 699 252 738 15.
285 706 373 739 atro
405 699 442 738 d.
500 697 713 739 Maledico
744 706 813 738 aut
844 698 1139 741 obtrectatorio
1171 715 1372 741 sermone.

807 827 1164 871 PORPHYRION.

191 916 301 966 Quid
329 917 564 957 immerentes
595 917 629 957 h.
662 931 700 957 u.
733 933 764 958 c.
843 917 891 957 In
922 918 1000 958 hac
1031 918 1178 972 ecloga
1209 918 1458 973 allegoricos
1496 919 1662 960 uidetur
1698 919 1812 974 loqui
1843 921 1897 960 ad

75 1003 181 1038 eum,
213 988 296 1043 qui,
330 1003 423 1029 cum
455 989 688 1030 dicacitatis
720 990 997 1030 amaritudine
1028 998 1255 1031 sectaretur
1287 991 1447 1045 quietos
1478 992 1660 1046 alioquin
1694 993 1896 1043 homines,

75 1061 116 1101 in
149 1075 198 1102 eo
229 1061 310 1102 sibi
340 1061 519 1117 gloriam
550 1062 797 1118 adsignarit,
830 1063 940 1117 quod
971 1063 1032 1103 illi
1054 1064 1247 1104 cedentes
1269 1064 1306 1104 ci
1328 1064 1571 1106 uiderentur
1601 1080 1685 1106 non
1707 1066 1897 1107 sufficere

77 1135 369 1190 respondendo
401 1135 688 1190 (1'es1ioiisiSP).

188 1210 224 1249 6.
255 1210 380 1249 amica
412 1210 472 1250 w's
498 1224 539 1264 p.
599 1211 738 1251 Amz'co
769 1224 880 1250 nunc
910 1224 986 1263 pro
1017 1211 1108 1250 utile·
1138 1210 1302 1250 dicitur.

189 1283 225 1321 7.
258 1296 375 1335 aqam
402 1297 441 1336 p.
472 1298 506 1322 a.
540 1297 575 1322 α.
608 1298 638 1323 s.
671 1296 707 1323 n.
739 1296 771 1337 q.
797 1296 863 1339 pr.
886 1284 915 1336 f.
974 1281 1042 1322 De
1065 1297 1108 1323 se
1130 1283 1208 1323 hoc
1238 1290 1361 1336 poeta
1391 1283 1505 1333 dicit,
1538 1284 1783 1339 significans
1814 1300 1897 1326 non

75 1353 308 1395 defuturam
339 1354 419 1395 sibi
450 1354 621 1410 linguae
652 1355 987 1404 amaritudinem,
1020 1355 1054 1395 si
1084 1363 1336 1409 prouocetur
1365 1356 1541 1398 alicuius
1572 1357 1839 1412 inprobitate.

189 1428 251 1467 13.
284 1428 413 1483 qualis
442 1428 486 1468 A.
518 1444 546 1468 s.
580 1429 604 1468 i.
634 1442 764 1482 ρεπεν.
837 1427 1082 1482 Lycambae
1114 1422 1280 1469 datiuus
1311 1443 1432 1469 casus
1467 1436 1546 1469 est:
1594 1428 1898 1472 Archilochum

73 1506 210 1541 autem
241 1499 461 1554 significat,
495 1499 565 1554 qui
582 1499 829 1554 Lycamben
860 1500 1075 1555 probrosis
1105 1500 1296 1542 uersibus
1326 1516 1457 1556 usque
1488 1516 1536 1542 eo
1567 1502 1792 1544 insectatus
1822 1510 1896 1553 est,

73 1579 117 1613 ut
146 1572 215 1613 ille
247 1580 422 1613 mortem
454 1572 534 1613 sibi
566 1573 854 1614 conscisceret.
914 1573 1011 1615 Hoc
1032 1581 1169 1615 autem
1191 1589 1239 1615 eo
1261 1574 1371 1624 fecit,
1405 1575 1515 1629 quod
1538 1575 1607 1616 ille
1628 1575 1757 1616 filiam
1780 1591 1898 1617 suam

73 1645 116 1686 in
146 1645 456 1686 matrimonium
488 1646 738 1700 promissam
770 1662 866 1687 mox
897 1646 1157 1702 denegasset.

187 1720 251 1759 14.
283 1727 353 1759 auc
384 1735 420 1759 a.
441 1719 477 1759 h.
503 1719 672 1774 Bupalo.
733 1718 883 1773 Aeque
905 1719 1037 1760 datiui
1058 1735 1178 1761 casus
1200 1726 1274 1770 est,
1306 1727 1351 1761 ut
1371 1721 1464 1762 lzzcz'c
1496 1723 1667 1778 Bupalo.
1730 1722 1898 1778 Hippo·
1925 1736 1931 1746 ⁸

73 1799 196 1833 nacta
227 1791 450 1847 significat,
483 1791 553 1846 qui
585 1806 716 1846 aeque
747 1791 940 1833 iambicis
970 1792 1162 1833 uersibus
1178 1792 1390 1848 Bupalum
1426 1802 1669 1849 persecutus
1691 1803 1763 1837 est.

188 1866 252 1905 16.
283 1867 437 1906 multus
468 1874 512 1906 uc
538 1866 577 1921 sl
604 1881 645 1922 p.
706 1864 742 1905 F
746 1865 840 1906 lebo
871 1865 1039 1915 inultus,
1071 1872 1114 1906 ut
1146 1881 1261 1920 puer.

190 2012 220 2055 1)
246 2019 347 2053 nuptu
373 2016 401 2044 2.
427 2019 558 2053 nuptum
582 2015 741 2052 R‚rmvca.
768 2015 838 2044 rell.
866 2019 1001 2053 nuptam.
1032 2017 1163 2052 nuptum
1188 2018 1304 2052 petere,
1344 2020 1379 2045 ut
1405 2020 1541 2055 nuptum
1567 2019 1622 2054 ire,
1661 2019 1750 2055 dare,
1786 2019 1898 2053 locare.

74 2071 250 2100 conlocare.
308 2070 342 2109 2)
367 2071 468 2100 fuisse
494 2071 602 2109 bupali
626 2072 701 2109 pict.
729 2068 831 2111 fuissse
858 2072 941 2108 apud
967 2071 1006 2100 A.
1033 2070 1132 2100 fuisse
1157 2072 1310 2101 bubalum
1335 2074 1413 2110 pict..
1441 2074 1479 2102 21
1509 2077 1541 2102 et
1565 2074 1593 2102 R
1617 2074 1801 2114 (bibulam).
1827 2076 1900 2104 bub.

75 2126 150 2164 piet.
176 2125 221 2155 fu.
245 2127 315 2155 rell.
343 2128 416 2156 bub.
443 2127 476 2156 fu
502 2128 580 2165 pict.
609 2144 648 2147 -ν-
675 2126 886 2156 lazccliomenas
912 2126 1109 2164 AR21‚rmv.
1135 2128 1205 2156 rell.
1232 2129 1438 2158 clazomenaS.
1466 2129 1549 2161 conf.
1577 2129 1608 2158 S.
1636 2130 1661 2166 Ι,
1696 2132 1724 2167 7,
1757 2132 1786 2160 5.
1815 2130 1898 2160 Plin.

74 2182 113 2219 V,
141 2183 193 2219 29,
218 2183 303 2212 Mela
327 2184 353 2220 Ι,
382 2185 431 2212 17.
480 2184 636 2213 Pictorem
662 2183 763 2213 fuisse
787 2184 945 2213 Bubalum
972 2188 1070 2221 negat
1095 2184 1253 2213 Welcker.
1280 2184 1318 2213 fr.
1344 2185 1442 2222 Hipp.
1470 2195 1500 2223 p.
1530 2187 1579 2217 12,
1608 2187 1803 2224 sculptorein
1830 2197 1900 2216 eum

74 2238 175 2267 fuisse
200 2243 324 2268 constat
352 2249 367 2267 e
392 2239 489 2268 Suida
515 2240 555 2276 ΙΙ,
586 2241 645 2268 147
672 2244 703 2269 et
729 2240 850 2269 Eudoc.
876 2250 906 2277 p.
935 2241 1009 2269 248.
1049 2239 1145 2270 Conf.
1172 2240 1342 2279 Aristoph.
1377 2241 1452 2280 Lys.
1480 2242 1553 2271 336.
1590 2242 1673 2271 Plin.
1698 2242 1842 2278 XXXVI,
1872 2244 1900 2272 5.

76 2294 225 2324 VVelclzer
250 2296 270 2324 l.
297 2296 316 2324 l.
343 2306 372 2334 p.
400 2297 451 2325 82.
508 2297 542 2335 3)
569 2306 624 2333 pro
650 2298 716 2325 risu
741 2296 831 2334 (rixu
860 2297 891 2335 1)
917 2297 1003 2325 libri.
1030 2306 1086 2334 per
1110 2298 1209 2326 risum
1234 2296 1322 2325 Bode
1348 2297 1366 2325 l.
1395 2298 1414 2326 l.
1440 2307 1469 2335 p.
1500 2299 1570 2327 149.
1597 2295 1674 2339 πρὸς
1699 2294 1784 2340 ὕβριν
1810 2299 1901 2329 Suid.

76 2354 107 2379 et
133 2350 215 2380 Eud.
241 2361 258 2393 γ
283 2352 396 2381 habet:
428 2352 565 2391 lycctmbe.
594 2352 761 2382 Licambes
787 2353 887 2381 filiam
916 2363 1006 2382 suam
1031 2354 1179 2390 promisit
1204 2354 1361 2382 archiloco
1387 2354 1536 2383 daturum
1562 2365 1706 2385 uxorem.
1736 2359 1766 2384 et
1791 2360 1901 2393 postea

76 2406 257 2445 denegauit.
317 2409 385 2444 Qua
410 2409 448 2437 de
474 2418 569 2438 causa
595 2410 694 2437 iratus
720 2409 899 2438 archilocus
926 2410 1067 2438 carmina
1093 2410 1222 2447 scripsit
1247 2411 1279 2438 in
1306 2411 1460 2439 licamben
1492 2415 1528 2439 ut
1560 2411 1627 2440 eius
1661 2412 1756 2441 filias.
1790 2412 1836 2440 ita
1867 2415 1902 2440 ut

76 2473 117 2492 ex
143 2464 252 2493 dolore
277 2465 449 2493 carminum
476 2465 544 2494 eius
571 2465 654 2494 filiae
679 2465 792 2502 laqueo
817 2466 915 2494 uitam
942 2466 1080 2494 finirent.
1106 2475 1177 2494 acer
1201 2465 1298 2494 hostis.
1325 2475 1460 2505 yponax
1487 2467 1611 2496 scilicet
1640 2468 1692 2505 qui
1722 2471 1815 2505 poeta
1834 2471 1901 2497 erat

76 2521 358 2558 eloquentissimus
382 2520 457 2550 feda
483 2525 511 2550 et
538 2521 657 2550 uitiosa
682 2520 771 2549 fatie.
821 2521 914 2550 Hunc
941 2522 1074 2550 bubalus
1099 2522 1203 2559 pictor
1230 2522 1276 2560 (in
1300 2531 1390 2551 scena
1409 2522 1449 2560 C)
1475 2523 1506 2551 ἱη
1531 2522 1610 2552 bana
1637 2523 1721 2552 theba
1750 2523 1827 2561 (sic)
1857 2525 1902 2552 eis

76 2577 197 2614 pictum
223 2578 396 2614 proposuit.
423 2582 459 2606 ut.
484 2578 583 2606 risum
610 2581 752 2606 moueret
777 2578 905 2615 populo.
956 2578 1014 2607 Ille
1038 2579 1138 2607 iratus
1165 2578 1277 2607 iambis
1304 2587 1375 2607 eum
1406 2579 1451 2607 ita
1469 2578 1633 2617 fatigauit..
1660 2583 1695 2608 ut
1713 2580 1815 2608 uitam
1833 2589 1902 2608 sus-

77 2633 190 2670 pendio
215 2634 333 2662 finiret.
362 2634 457 2662 etiam
483 2634 545 2662 iste
571 2643 714 2663 socerum
741 2643 831 2663 suum
857 2638 1028 2672 postquam
1055 2644 1088 2663 se
1114 2635 1275 2663 fraudauit
1301 2635 1398 2664 armis
1423 2636 1514 2672 petit.
1565 2636 1599 2674 6)
1629 2636 1852 2665 ‹letrectatorio
1872 2636 1901 2664 2.

76 2689 145 2718 rell.
172 2690 252 2718 obtr.
280 2690 518 2718 obstrectatorio
545 2690 593 2727 (to
618 2699 636 2718 a
664 2691 677 2718 1
706 2700 747 2718 m.
777 2690 891 2729 expu.)
918 2690 957 2719 A.

202 2744 355 2774 PORPH.
406 2746 440 2783 9)
466 2745 547 2775 imm.
573 2746 615 2774 M.
644 2746 758 2784 egloga.
782 2747 844 2775 MR
868 2748 946 2785 aegl.
972 2757 1018 2776 rv.
1046 2751 1222 2776 sectaretur
1240 2748 1422 2784 Mazi-vsu.
1450 2749 1562 2777 insect.
1591 2748 1688 2785 G‚aQ.
1742 2750 1796 2787 11)
1822 2750 1902 2779 assi-

77 2801 228 2839 gnauerit
253 2801 287 2829 M
312 2802 460 2840 (Halm),
487 2802 575 2830 vafh.
603 2803 669 2831 rell.
695 2803 877 2841 assignarit.
916 2821 955 2824 —-
992 2813 1055 2833 nou
1081 2804 1147 2832 uid.
1174 2803 1244 2832 suff.
1274 2805 1301 2832 2.
1369 2805 1423 2843 12)
1449 2805 1638 2842 respondere
1663 2805 1819 2841 MR2G‚a.
1854 2816 1902 2836 re-

80 2856 195 2894 sponde
220 2867 251 2888 v.
279 2858 433 2886 ostendere
460 2868 483 2886 r.
509 2858 722 2895 respondendo
747 2858 823 2894 ffiQ.
855 2859 1031 2889 Scriberem
1058 2860 1249 2888 sufficienter
1273 2861 1474 2898 respondere,
1501 2862 1526 2890 si
1554 2862 1642 2890 istud
1666 2863 1798 2891 uerbum
1823 2862 1902 2892 locis

76 2912 174 2941 Plinii
200 2912 235 2941 E.
262 2913 301 2950 X,
329 2914 381 2949 29,
409 2917 438 2943 et
462 2914 584 2944 Pallad.
609 2914 634 2950 Ι,
661 2916 700 2944 35
727 2919 831 2944 tutum
858 2920 957 2952 esset3
992 2915 1202 2954 respondendo
1229 2917 1315 2945 enim
1342 2917 1503 2955 displicet.
1566 2916 1622 2956 13)
1647 2927 1679 2959 γε
1707 2919 1901 2957 efexegesis.

78 2979 133 3006 pro
157 2970 257 2999 utilis.
310 2970 363 3007 14)
390 2971 553 3009 significat
579 2972 608 3000 2.
660 2972 714 3010 15)
742 2973 802 3001 sibi
828 2983 890 3002 om.
918 2974 947 3002 2.
1016 2974 1070 3011 16)
1096 2972 1239 3011 lycambe
1263 2973 1296 3002 M
1321 2974 1370 3002 bis
1397 2973 1550 3011 (Ha1m.),
1575 2973 1598 3003 f.
1627 2991 1661 2995 -—
1691 2975 1902 3005 archilochum

77 3025 121 3054 Μ.
148 3026 335 3055 archilocum
359 3027 429 3063 R,v.
455 3028 562 3057 archit.
584 3045 623 3048 ——
642 3029 755 3057 insect.
786 3032 833 3058 est
860 3039 918 3058 om.
946 3039 969 3057 r.
1022 3030 1076 3067 17)
1103 3029 1266 3067 lycamben
1291 3029 1333 3058 M.
1360 3030 1400 3058 al.
1426 3029 1596 3069 lycambem
1620 3030 1686 3060 afh.
1713 3031 1753 3060 al.
1779 3032 1901 3071 lycam-

79 3081 144 3110 bam
167 3082 225 3117 vQ.
252 3100 291 3102 —
329 3084 473 3113 uersibus
498 3083 668 3121 MRG(Q).
694 3085 798 3114 uerbis
826 3086 854 3113 2.
881 3086 1075 3115 carminibus
1104 3085 1191 3114 vafh.
1259 3086 1313 3124 18)
1339 3085 1417 3115 fecit
1445 3095 1479 3115 eo
1506 3087 1533 3114 2.
1597 3087 1652 3126 19)
1678 3088 1846 3126 denegauz't
1872 3089 1900 3117 2.

81 3137 137 3175 20)
162 3136 269 3166 bubalo
298 3156 335 3159 —2
354 3140 509 3178 pupalum
538 3158 577 3160 —
602 3140 643 3169 M.
671 3141 823 3178 bupalum
849 3141 939 3170 AR2.
966 3142 1082 3170 bubalo
1141 3159 1145 3160 ν
1174 3142 1327 3170 bubalum
1353 3152 1399 3171 rv.
1449 3141 1506 3180 22)
1534 3142 1631 3171 Flebo
1656 3144 1748 3173 inult.
1776 3143 1899 3175 MAR2.

79 3202 129 3221 va.
154 3193 191 3222 In
216 3193 303 3224 ultus
327 3199 361 3224 ut
387 3196 467 3226 flebo
492 3206 570 3234 puer
596 3207 620 3225 r.
648 3196 744 3234 Ordo,
773 3198 895 3227 inultus
922 3198 1002 3227 flebo
1027 3202 1060 3227 ut
1087 3207 1163 3235 puer
1188 3197 1236 3226 fh.

1927 1003 1964 1034 10

1925 1367 1964 1399 15
