2283 3535
795 256 843 287 IN
870 257 1003 288 aron.
1030 257 1127 288 xm.
1792 248 1868 288 501

164 384 199 421 6.
233 388 275 421 ta
305 381 402 421 uina
440 381 652 436 Torquato.
724 378 789 420 Eo
821 378 990 420 consule
1026 378 1125 419 uina
1171 379 1354 433 reposita
1397 380 1576 434 proferri
1621 380 1747 430 iubet,
1794 395 1875 435 quo

51 454 140 508 ipse
170 460 291 494 natus
322 460 394 502 cst,
426 452 590 494 Manlio
622 452 848 507 Torquato.

164 528 201 567 7.
234 527 329 568 deus
359 526 454 567 haec
483 527 511 580 f.
544 526 577 567 b.
608 541 642 567 r.
660 529 685 567 i.
720 539 750 567 s.
784 540 824 566 u.
888 522 935 565 Si
967 538 1048 578 qua
1078 524 1216 565 minus
1246 524 1354 565 laeta
1385 532 1491 574 sunt,
1524 533 1593 566 aut
1622 541 1728 580 quae
1760 526 1875 568 solli-

52 599 279 641 citudinem
310 606 517 648 moueant,
564 598 615 639 de
647 598 725 639 deo
756 598 966 653 speranda
997 597 1110 647 dicit,
1157 605 1201 638 ut
1233 598 1275 638 in
1308 597 1456 639 melius
1487 605 1710 648 mutentur,
1755 600 1876 640 dum-

52 673 175 714 modo
206 672 388 714 laetitiae
419 688 501 713 non
534 671 892 727 praetermittatur
922 670 1099 712 occasio.

165 747 201 787 8.
234 745 505 787 Achaemenio.
565 744 751 786 Persico.

166 819 202 859 9.
235 828 268 860 et
295 819 372 875 fide
404 819 597 875 Cyllenea.
656 817 773 873 Lyra
797 815 886 873 [aut
908 815 1099 872 chorda]
1133 832 1256 870 quam
1289 817 1468 858 traditur
1489 816 1729 859 Mercurius
1759 817 1878 858 inue-

50 892 174 941 nisse,
207 906 289 946 qua
320 898 492 947 accepta
523 891 575 932 ab
608 905 669 940 eo,
701 888 920 945 Amphion
952 896 1076 930 cantu
1107 889 1261 930 dicitur
1290 905 1430 932 muros
1462 890 1610 932 fecisse
1641 890 1879 932 Thebanos.

168 966 231 1006 11.
264 965 415 1007 Nobilis
449 974 490 1006 at
517 965 669 1019 yramli
697 965 835 1005 cecinit
871 963 1057 1005 Centaur.
1091 962 1170 1003 alu.
1231 963 1409 1004 Nobilem
1440 962 1617 1020 [autem]
1651 962 1879 1005 Chironem

52 1037 166 1088 dicit,
199 1038 316 1079 cuius
351 1037 542 1079 umbram
591 1036 785 1091 (uerba?)
830 1035 948 1090 ponit
992 1034 1151 1076 Achilli
1183 1035 1494 1090 praedicentem
1529 1037 1879 1092 (praedicentiaP)

52 1112 139 1153 fata
170 1126 256 1160 sua,
288 1119 332 1152 ut
360 1112 456 1153 Juu.
490 1110 610 1165 (VII,
634 1111 758 1165 210):
792 1111 873 1151 iam
901 1109 1071 1164 ¹arandis
1104 1109 1266 1150 Achillis
1303 1109 1495 1151 cantabat
1519 1112 1667 1166 patriis
1696 1112 1737 1152 in
1767 1126 1881 1152 mon-

58 1185 177 1226 tibus.

170 1258 233 1299 13.
265 1259 329 1298 14.
362 1257 559 1299 Assaraci
587 1257 714 1298 tellus.
772 1254 1021 1305 Assaracus,
1054 1269 1156 1296 auus
1187 1252 1417 1306 Anchisae,
1454 1271 1478 1297 a
1509 1270 1590 1311 quo
1622 1264 1661 1297 et
1691 1255 1881 1299 Troiani.

60 1331 191 1373 Tellus
221 1330 346 1380 enim,
377 1330 420 1371 in
452 1345 534 1385 qua
565 1328 828 1384 sepeliendus
858 1334 947 1370 erat
977 1328 1007 1383 (‚
1040 1327 1229 1380 Troia‘?).

56 1457 112 1476 suo
136 1451 242 1476 tenuat.
268 1446 342 1476 Juu.
368 1446 458 1484 ΧΙΙΙ,
485 1447 566 1476 215:
593 1445 769 1475 densissima
792 1454 871 1484 ruqa
896 1444 1022 1482 cogitur
1047 1443 1078 1471 in
1103 1442 1251 1472 frontem.
1279 1442 1358 1473 Cod.
1379 1444 1397 1473 2
1416 1445 1539 1475 scholio
1564 1445 1672 1475 addit:
1699 1445 1718 1474 i.
1739 1454 1764 1477 e.
1792 1454 1885 1475 reuo-

55 1507 143 1533 cacur
167 1504 269 1533 omnis
295 1503 449 1533 dolor-R:
475 1502 585 1532 scilicet
607 1502 715 1531 letitia
738 1501 825 1536 tend,
852 1500 891 1530 fr.
910 1499 983 1530 obd.
1013 1508 1132 1529 merore
1151 1499 1287 1538 (merore
1304 1500 1358 1538 A).
1384 1509 1418 1543 γε
1449 1500 1593 1531 Obducta.
1621 1511 1743 1532 seuera.
1769 1502 1884 1534 tristis.

55 1560 144 1598 quasi
170 1560 287 1588 clausa.
314 1559 397 1588 unde
424 1563 455 1588 et
480 1559 606 1588 clausas
632 1559 798 1588 cicatrices
824 1557 965 1587 obductas
989 1557 1136 1586 dicimus.
1165 1557 1249 1586 sicut
1272 1556 1375 1596 airyil.
1414 1557 1470 1595 (A.
1495 1557 1534 1595 X,
1562 1559 1639 1596 64):
1676 1562 1703 1587 et
1732 1557 1886 1587 obductum

54 1587 162 1646 aerbisl
177 1615 304 1655 uulgare
329 1615 470 1645 dolorem.
488 1615 538 1644 Al.
558 1615 648 1654 (sic).
668 1614 786 1645 Seuera
804 1614 909 1644 fronte
926 1623 960 1642 ac
978 1622 1034 1651 per
1050 1613 1110 1643 hoc
1128 1613 1160 1642 in
1177 1622 1274 1651 rugas
1292 1617 1453 1643 contracta
1471 1614 1534 1651 (sic
1553 1619 1584 1644 et
1604 1613 1645 1653 C)
1663 1618 1698 1643 ut
1717 1615 1886 1643 rusticitas

56 1673 230 1703 senectutis
255 1673 392 1701 absceda
412 1672 500 1711 (sic).
527 1676 667 1702 senectus.
694 1672 835 1702 tristitia
860 1680 941 1709 quae
959 1675 1053 1709 rugat
1078 1669 1228 1700 frontem.
1249 1670 1331 1700 conf.
1352 1669 1376 1699 C
1396 1670 1591 1711 (corrugat).
1618 1671 1687 1715 Btp:
1714 1671 1840 1700 obducta
1865 1672 1885 1700 i.

56 1735 172 1768 rugata
197 1739 231 1758 ac
257 1738 427 1767 perseuera
453 1734 484 1759 et
509 1730 605 1759 tristi.

172 1787 204 1825 1)
230 1787 274 1815 Eo
293 1785 497 1823 ARlG‚rmv.
523 1795 583 1815 om.
603 1785 717 1820 cath.
743 1786 788 1814 Eo
804 1784 920 1814 consule
939 1794 997 1814 om.
1019 1785 1047 1813 2.
1064 1784 1237 1822 composita
1255 1784 1285 1813 2.
1303 1783 1410 1813 mallio
1427 1787 1510 1822 torq.
1528 1783 1617 1821 A‚fh.
1635 1784 1753 1814 consule
1769 1784 1886 1814 manlio

57 1844 111 1872 21.
138 1843 206 1872 rell.
232 1843 352 1871 manlio
377 1845 536 1880 torquato.
563 1843 580 1871 2
608 1843 646 1871 ad
661 1852 691 1871 u.
719 1843 753 1871 7:
780 1844 917 1870 caetera:
945 1841 966 1869 i.
993 1841 1032 1869 de
1057 1844 1262 1878 tempestate.
1289 1841 1357 1869 rell.
1384 1850 1444 1870 om.
1463 1840 1533 1883 Βφι
1558 1845 1688 1870 caetera.
1714 1841 1754 1869 ad
1780 1841 1886 1870 conui-

58 1900 143 1928 uium
170 1908 231 1928 non
257 1899 465 1937 pertinentia.
493 1897 536 1928 C:
569 1903 622 1928 cet.
649 1898 727 1928 mitte
751 1897 840 1937 loqui.
867 1897 905 1926 de
930 1897 1005 1926 aliis
1031 1897 1126 1926 rebus
1152 1897 1192 1925 ad
1218 1897 1369 1926 conuiuia
1395 1897 1479 1925 nihil
1504 1897 1740 1934 pertinentibus
1769 1906 1808 1926 ne
1841 1897 1885 1926 sis

59 1956 270 1997 sollieitusnsz
309 1959 407 1985 cetera
430 1955 518 1985 miae.
544 1956 583 1984 de
608 1955 724 1984 ceteris
749 1955 794 1983 nil
819 1964 910 1983 cures
935 1954 954 1983 i.
983 1954 1021 1982 de
1047 1954 1120 1982 aliis
1146 1954 1250 1982 rebus,
1299 1953 1334 1991 3)
1362 1953 1382 1982 i.
1411 1954 1448 1982 si.
1473 1953 1538 1989 A‚r.
1565 1954 1591 1982 si
1610 1963 1674 1991 qua
1690 1951 1884 1992 AR21(G?)‚

59 2011 165 2047 rva.
191 2012 217 2040 si
243 2021 320 2049 quae
347 2011 429 2040 Qash.
458 2029 495 2033 ——
523 2016 576 2041 aut
599 2021 679 2049 quae
703 2011 844 2048 AR21‚1·.
871 2011 942 2040 rell.
968 2014 1000 2039 ut
1024 2019 1113 2048 qnae.
1180 2010 1215 2048 5)
1235 2011 1513 2047 praetermittatur
1537 2008 1885 2049 AR‘21<G?)‚rmvcaQ.

53 2069 281 2106 praemittatur
305 2067 352 2097 fh.
378 2068 422 2104 Q:
448 2068 610 2106 praemitt.
637 2068 722 2097 libri.
749 2068 770 2096 i.
796 2068 874 2096 “nos
899 2066 1067 2096 lenissima
1091 2066 1273 2096 coniectura
1298 2067 1494 2095 correximus
1525 2067 1646 2095 codicis
1673 2066 1885 2104 scripturam⁷'

59 2124 143 2155 conf.
169 2124 284 2162 Porph.
311 2125 350 2153 ad
376 2134 497 2162 argum.
524 2125 619 2153 huius
645 2124 750 2161 epodi.
787 2123 839 2153 Sic
864 2133 938 2162 ergo
963 2123 1173 2159 referendum,
1210 2123 1255 2151 sic
1288 2123 1520 2152 emendandum
1547 2126 1606 2160 est,
1645 2123 1690 2151 sic
1722 2123 1888 2151 lenissime

61 2181 240 2219 corrigitur.
291 2181 325 2219 G)
349 2181 399 2210 De
423 2181 522 2210 nardo
546 2180 628 2210 conf.
655 2179 690 2212 C.
715 2180 756 2217 ΙΙ,
779 2182 829 2217 11,
850 2181 898 2209 16.
925 2179 1130 2216 Achamenio,
1157 2180 1291 2217 persico.
1318 2188 1390 2207 nam
1408 2179 1545 2216 primum
1563 2188 1673 2217 persae
1692 2179 1888 2208 inuenerunt

60 2247 154 2267 usum
178 2237 279 2268 nardi.
306 2247 332 2278 γ.
392 2237 426 2275 7)
453 2236 515 2266 cill.
541 2237 570 2266 A
595 2238 628 2266 in
654 2237 770 2272 lemur,
797 2236 940 2273 cellenia,
966 2236 1005 2265 al.
1032 2235 1159 2264 cillenia
1194 2237 1207 2264 1
1243 2245 1283 2264 ιιι.
1314 2235 1352 2264 A.
1384 2234 1461 2264 Hor.
1493 2233 1643 2276 cillensssa
1675 2245 1746 2264 cum
1779 2244 1889 2265 rasura

63 2293 89 2331 (i
113 2297 193 2322 mut.
219 2294 252 2322 in
278 2294 309 2332 e)
341 2293 368 2322 E
395 2293 504 2323 Ambr.
531 2294 560 2322 b.
587 2293 740 2332 Cyllenea
766 2293 801 2323 fh
825 2296 860 2322 ut
885 2293 926 2322 K.
953 2293 993 2322 al.
1018 2296 1054 2322 ut
1079 2292 1169 2321 Harl.
1196 2291 1247 2334 Βφ
1274 2292 1398 2330 cyllena
1423 2291 1473 2329 (in
1491 2291 1516 2319 B
1535 2292 1629 2330 corr.)
1657 2295 1715 2321 etc.
1742 2290 1889 2330 Cyllenia

61 2359 178 2379 rmvca.
205 2350 301 2378 corda
325 2350 420 2386 AR‚r.
447 2350 506 2379 lira
530 2360 549 2379 a
573 2349 669 2379 corda
700 2349 728 2378 A
760 2348 838 2387 (non
869 2351 904 2389 Ε)
936 2349 974 2379 R.
1008 2350 1079 2388 lyra
1111 2349 1230 2379 chorda
1266 2351 1397 2385 1‚mvca.
1430 2349 1519 2387 lyrae
1552 2349 1646 2378 corda
1677 2358 1702 2378 r.
1736 2349 1807 2388 lyra
1839 2352 1891 2378 aab

63 2407 180 2436 chorda
204 2406 281 2441 th.
308 2406 376 2445 lyra
399 2416 488 2445 qaam
513 2407 543 2438 2.
569 2406 630 2435 lira
652 2416 740 2445 qaam
764 2407 942 2436 mercurius
968 2407 1105 2436 inuenit.
1124 2405 1197 2444 fidis
1223 2406 1306 2434 enim
1331 2405 1392 2434 lira
1417 2409 1465 2434 est
1497 2409 1608 2442 aperte
1641 2405 1675 2443 (a
1700 2406 1809 2444 parte)
1841 2408 1890 2434 to-

61 2466 130 2492 tum
154 2471 179 2503 γ.
211 2461 265 2492 Sic
289 2462 497 2500 scribezfide.
525 2463 643 2492 chorda
667 2472 690 2492 Β.
717 2463 798 2501 lyra,
824 2472 920 2502 quam
945 2466 1005 2492 etc.
1031 2463 1098 2506 Βφι
1126 2461 1328 2491 CYLLENA
1345 2461 1459 2490 FIDE.
1477 2461 1654 2490 mercuriali
1671 2462 1766 2491 corda
1784 2462 1815 2490 id
1841 2465 1887 2490 est

63 2519 124 2549 lira
149 2528 242 2557 quam
266 2519 439 2548 mercurius
476 2519 654 2548 adinuenit.
694 2518 736 2549 C:
773 2520 845 2558 lyra
869 2519 1065 2557 Mercuriali⁷
1103 2528 1195 2556 quam
1226 2518 1404 2547 Mercurius
1437 2518 1573 2548 inuenit.
1593 2517 1669 2555 fide.
1702 2518 1832 2554 chorda,
1871 2527 1889 2546 a

64 2579 154 2613 parte
178 2578 291 2604 totum.
340 2575 374 2613 8)
395 2578 491 2603 cantu
517 2575 560 2603 di.
586 2584 666 2604 mur.
698 2573 758 2604 fec.
783 2574 1032 2611 AR1‚rn1vcafh.
1060 2575 1160 2604 tacite
1184 2579 1263 2604 mut.
1291 2573 1329 2609 Q.
1356 2578 1450 2604 cantu
1479 2583 1541 2604 mu.
1574 2574 1615 2603 fe.
1647 2574 1766 2603 dicitur
1799 2571 1888 2612 (ῧῖ).

66 2632 101 2670 9)
127 2632 244 2661 cecinit
270 2631 384 2669 grandi
409 2631 440 2659 K
464 2630 575 2660 Ambr.
600 2631 634 2660 M
658 2631 774 2668 Porph.
801 2632 869 2661 cod.
895 2630 914 2661 Ρ
930 2634 990 2660 „tae
1016 2630 1136 2660 Genou.
1164 2631 1265 2660 Paris.
1290 2630 1330 2667 Y,
1358 2631 1385 2659 2.
1413 2639 1493 2659 saec.
1520 2630 1594 2659 XIV
1620 2636 1650 2659 et.
1676 2631 1750 2659 duo.
1784 2630 1889 2659 Harll.

66 2687 154 2717 3754
180 2690 314 2725 uterque
339 2687 378 2716 ad
404 2696 486 2716 saec.
505 2686 564 2715 XV
580 2687 697 2724 pertin.
716 2687 784 2716 rell.
811 2695 861 2724 grt·
877 2654 926 2719 Ιέι
946 2687 1072 2716 cecinit.
1093 2691 1201 2716 autem
1219 2687 1315 2725 (th)
1334 2696 1393 2716 om.
1412 2687 1646 2723 AR21,rmvca.
1673 2686 1735 2715 Hic
1753 2686 1890 2715 alteram

66 2748 206 2781 partem:
234 2743 375 2772 .Nobilem
390 2752 497 2772 *saa
522 2747 593 2772 ante
619 2744 721 2773 locum
746 2743 819 2773 Juu‘
837 2744 911 2773 ialis
937 2745 1055 2781 posuit.
1106 2744 1161 2781 10)
1187 2743 1275 2772 cuius
1300 2743 1432 2772 membra
1457 2752 1506 2780 po.
1533 2743 1601 2771 ach.
1627 2742 1842 2780 praedicentia
1860 2743 1889 2771 2.

68 2800 156 2829 euius
180 2799 243 2829 fiba
268 2809 297 2838 p.
324 2809 351 2828 a.
377 2799 595 2837 praedicentia
608 2799 646 2829 A.
665 2809 731 2829 cum
746 2789 891 2829 umbram
908 2799 944 2828 R.
962 2800 1032 2830 rell.
1052 2799 1135 2829 cuias
1152 2800 1307 2829 umbram.
1335 2798 1419 2834 Quid
1437 2798 1541 2828 ambra
1560 2799 1620 2828 sibi
1638 2800 1718 2828 uelit
1736 2798 1890 2828 Chironis

67 2855 98 2884 h.
116 2856 136 2884 1.
154 2864 217 2884 non
233 2855 340 2885 uideo:
358 2855 451 2884 uerba
468 2856 535 2884 eius
549 2856 696 2893 ponenda
710 2860 797 2886 sunt.
816 2856 973 2893 Vestigiis
988 2857 1129 2886 codicum
1145 2856 1300 2885 insistens
1315 2856 1433 2884 scribe:
1453 2856 1542 2884 cuius
1558 2854 1651 2884 uerba
1665 2856 1755 2893 ponit
1767 2854 1890 2885 Achilli

67 2911 281 2950 praedicentia
305 2911 372 2941 fata
397 2921 463 2941 sua.
493 2921 526 2952 γε
564 2912 683 2942 inuicte.
709 2913 807 2942 uerba
824 2913 962 2942 chironis
981 2913 1065 2950 apud
1083 2913 1230 2942 achillem
1251 2912 1453 2949 discipulum.
1478 2916 1545 2940 nate
1563 2921 1638 2949 puer
1655 2911 1768 2940 thetide.
1786 2911 1892 2941 Verba

71 2972 146 2998 sunt
163 2968 302 2998 centauri
321 2969 396 3005 quia
413 2969 560 2997 achillem
580 2971 610 2997 et
628 2969 824 3006 esculapium
841 2969 990 2998 nutriuit.
1016 2968 1085 3011 Βφε
1112 2969 1211 2997 uerba
1229 2968 1374 2996 centauri
1393 2968 1432 2996 ad
1450 2967 1590 2997 achilem.
1622 2966 1796 2997 Centaurus.
1823 2968 1891 2997 chi-

71 3034 179 3054 ronem
203 3028 387 3054 centaurum
412 3025 576 3062 significat
602 3024 790 3053 nutritorem
815 3025 942 3054 achillis
967 3025 1016 3053 cni
1043 3025 1113 3061 ipse
1138 3024 1305 3061 praedixit
1323 3032 1339 3052 a
1356 3024 1439 3052 troia
1456 3033 1519 3053 non
1537 3032 1750 3060 reuersurum,
1775 3033 1812 3053 ac
1837 3033 1892 3061 per

71 3081 130 3109 hoc
155 3081 229 3109 uino
255 3085 413 3118 cantuque
439 3081 543 3118 ipsum
568 3080 718 3109 achillem
744 3082 777 3109 in
801 3082 886 3110 troia
910 3081 1078 3110 resoluere.
1104 3080 1187 3109 conf.
1214 3080 1310 3108 Pind.
1337 3079 1372 3108 P.
1389 3079 1444 3117 VI,
1467 3081 1514 3109 19.
1541 3079 1679 3110 Pausan.
1706 3080 1763 3118 ΙΙΙ,
1786 3081 1834 3116 18,
1863 3081 1891 3109 7.

73 3135 246 3173 Boettiger.
271 3136 457 3174 Vasengem.
475 3136 533 3173 Ill,
555 3137 740 3166 144—147.
759 3136 915 3166 Gerhard.
932 3137 1123 3174 Vasengem.
1142 3136 1199 3172 ΙΙΙ,
1222 3136 1292 3164 188.
1313 3136 1388 3165 227.
1441 3136 1495 3175 11)
1525 3136 1655 3165 achilles
1671 3135 1890 3173 R2‚rmvcafh.

76 3192 132 3230 13)
158 3201 236 3220 auus
254 3192 373 3230 priami
395 3192 470 3230 (om.
496 3192 676 3231 assaracus)
700 3192 769 3229 A‚r.
802 3193 949 3231 (assarici
974 3194 1008 3222 in
1032 3192 1165 3231 lemm.).
1190 3196 1226 3221 ut
1250 3201 1276 3232 γ.
1304 3192 1340 3221 2:
1367 3191 1545 3222 Assaracus
1571 3193 1631 3222 fuit
1661 3192 1779 3231 priami
1802 3201 1892 3221 auus.

73 3247 218 3277 Achilles
243 3248 274 3277 in
299 3258 378 3287 aqua
404 3249 499 3287 sepel.
526 3251 605 3278 erat.
639 3248 787 3278 Assaraci
809 3249 902 3279 tellus.
928 3250 1098 3278 Assaracus
1123 3258 1202 3278 auus
1229 3248 1347 3277 Priami
1381 3248 1427 3277 fh.
1464 3248 1605 3278 assaraci
1638 3258 1718 3278 auus
1753 3247 1894 3278 anchisae

1911 1046 1948 1076 10
