2283 3535
281 1017 320 1048 10

281 1383 321 1414 15

341 215 424 253 480
974 222 1078 253 ACR.
1105 222 1166 252 ET
1191 221 1357 253 PORPH.
1384 219 1532 251 COMM.

1011 434 1301 489 Eronos
1345 405 1495 489 Vm.

1154 544 1345 589 AGRON.

457 642 617 696 Roqare
648 641 776 694 lonqo.
835 636 1053 679 Inuehitur
1083 635 1126 676 in
1158 650 1263 685 eam,
1301 650 1325 675 a
1356 649 1438 689 qua
1469 633 1687 675 dicebatur
1716 632 1853 673 lentus
1874 631 1917 672 in
1939 630 2170 679 Venerem3

344 722 385 756 et
413 714 583 756 foetoris
613 713 745 768 ipsius
775 712 842 752 uel
873 709 1020 752 aetatis
1051 723 1141 750 esse
1172 707 1377 757 adfirmat,
1410 706 1522 761 quod
1544 721 1636 747 eam
1657 705 1794 761 magis
1815 703 2013 753 fastidiat,
2047 718 2172 758 quam

344 787 457 843 quod
486 787 577 841 ipse
607 785 711 826 nihil
743 784 886 840 possit.

459 859 515 917 [3.
549 860 645 901 dens
677 867 775 899 ater.
835 856 1017 911 Propter
1047 853 1261 911 aetatem]

459 935 496 974 3.
528 934 566 972 4.
599 940 633 973 et
662 932 828 985 ruqisu.
849 931 902 984 fr.
924 945 953 970 s.
977 945 1007 970 e.
1070 928 1248 984 [Exaret
1277 926 1301 967 i.
1335 941 1368 967 e.
1401 925 1652 981 contrahat]
1715 923 1896 966 Senecta
1926 923 2039 965 enim
2069 938 2174 965 non-

345 1021 574 1061 numquam
605 1019 656 1045 ex
686 1003 804 1059 rugis
835 1009 1023 1058 apparet,
1055 1008 1101 1042 ut
1131 999 1205 1055 (A.
1237 999 1336 1048 VII,
1368 999 1492 1054 417):
1541 1000 1593 1040 Et
1620 999 1794 1052 frontem
1824 999 2034 1039 obscenam
2063 998 2175 1052 ruqz‘s

346 1089 450 1122 arat.

459 1155 495 1194 6.
523 1152 669 1209 podex.
730 1149 937 1191 Pudenda
967 1162 1065 1203 pars
1097 1146 1298 1201 corporis,
1330 1152 1375 1187 ut
1404 1146 1500 1186 Juu.
1534 1144 1611 1200 (II,
1646 1144 1741 1199 15):
1775 1151 1811 1185 et
1833 1143 1977 1200 podice
2007 1143 2097 1184 leui.

460 1228 496 1267 7.
528 1226 597 1267 sed
626 1226 767 1266 incinit
797 1239 845 1264 m.
870 1230 1025 1279 pectus.
1085 1219 1147 1261 Ut
1177 1234 1325 1260 reuera
1355 1218 1512 1261 incitat.

460 1302 497 1342 8.
530 1299 663 1354 quales
694 1298 758 1338 ub.
819 1296 904 1336 Pro
936 1294 1073 1350 qualia
1104 1294 1241 1334 ubera.

462 1375 499 1414 9.
531 1380 702 1427 nentem.
734 1370 877 1411 mollis.
937 1367 1127 1408 Luridus
1158 1373 1198 1407 et
1228 1380 1420 1421 rugosus.

462 1448 498 1488 9.
532 1448 596 1487 10.
626 1446 762 1499 femur
792 1452 815 1484 t.
855 1458 905 1483 ex
943 1457 973 1483 s.
1052 1440 1201 1481 Aetate
1239 1439 1324 1479 iam
1361 1437 1450 1479 sine
1490 1437 1691 1478 musculis
1732 1443 1769 1477 et
1808 1435 1916 1477 suris
1955 1435 2179 1476 indiscrete

348 1520 563 1563 sociatum.

463 1595 526 1633 11.
560 1593 680 1633 beata.
744 1590 918 1630 Beatam
950 1602 1042 1628 eam
1064 1601 1140 1641 pro
1163 1585 1293 1626 diuite
1316 1583 1456 1640 dixit[‚
1490 1591 1532 1624 ut
1553 1583 1673 1624 Idem
1696 1597 1824 1637 supra
1846 1580 1918 1636 (C.
1940 1581 1998 1632 H,
2021 1583 2060 1631 4,
2084 1582 2178 1635 13);

348 1667 515 1709 Nescias
545 1680 594 1706 (m
628 1673 661 1705 te
691 1678 882 1718 yefnermn
914 1662 1018 1702 beati
1044 1659 1240 1714 Phyllidis
1266 1659 1399 1713 flauae
1431 1658 1618 1698 decorent
1642 1655 1862 1712 parentes]

464 1741 528 1780 12.
561 1739 722 1780 ducant.
760 1735 999 1789 Tamquam
1019 1731 1225 1774 nobilium
1246 1732 1371 1772 funus
1392 1729 1601 1785 imagines
1623 1736 1661 1770 te
1682 1728 1941 1784 praecedant
1962 1728 2179 1769 maiorum.

464 1814 527 1853 13.
562 1810 652 1867 [nec
681 1812 730 1851 sit
760 1825 810 1850 m.
869 1806 1144 1848 Matrimonio
1176 1802 1435 1859 coniuncta.]

463 1901 563 1942 quae
584 1884 746 1926 rotund.
769 1898 803 1924 0.
825 1883 858 1923 b.
883 1898 918 1922 a.
978 1879 1075 1921 Hoc
1097 1885 1169 1920 est:
1203 1877 1319 1918 nulla
1340 1875 1492 1917 marita
1515 1874 1655 1932 [cura]
1687 1874 1740 1916 sit
1760 1874 1968 1930 comptior
1989 1874 2181 1931 gemmis.

349 1961 480 2001 Bacas
513 1956 690 2015 [autem]
724 1969 912 2012 gemmas
944 1953 1063 2002 dixit,
1094 1958 1138 1993 ut
1170 1951 1243 2007 (A.
1276 1951 1309 1992 I.
1342 1951 1465 2004 654):
1499 1950 1676 2006 colloque
1705 1950 1852 1990 monile
1884 1950 2096 1990 Bacatum.

462 2147 620 2178 ACRON.
670 2146 723 2176 Ad
748 2155 846 2175 anum
882 2143 1055 2174 deformem
1081 2143 1133 2172 uel
1158 2143 1191 2171 in
1218 2141 1391 2179 gratidiam
1428 2139 1456 2168 A
1494 2139 1612 2178 (Aen).
1650 2139 1865 2168 Prostitutam
1902 2137 2049 2175 putidam
2086 2145 2182 2166 anum

351 2209 492 2235 sectatur
516 2205 595 2234 uitia
621 2204 761 2241 corporis
788 2203 856 2231 eius
882 2201 1084 2239 proscribens
1110 2198 1138 2228 A
1162 2198 1282 2237 (Hor),
1309 2202 1344 2226 ut
1369 2196 1487 2225 KEDP
1519 2196 1580 2225 del.
1614 2195 1843 2234 proscribens).
1876 2194 2054 2224 describens
2086 2193 2182 2222 Bern.

351 2261 386 2291 (J.
413 2262 626 2290 Prostitutam
653 2277 693 2280 >M
719 2259 782 2288 eius
807 2258 837 2287 in
859 2256 1026 2297 matidiam
1049 2256 1098 2298 γΗ
1124 2256 1236 2284 Ambr.
1264 2255 1300 2283 In
1326 2263 1423 2282 anum
1448 2253 1664 2281 libidinosam.
1691 2252 1912 2289 prostitutam.
1938 2250 2087 2288 putidam
2112 2258 2184 2288 gra-

350 2319 466 2347 tidiam
492 2326 586 2355 quam
612 2319 814 2353 aspernatur.
841 2315 930 2344 cuius
955 2314 1036 2343 uitia
1060 2312 1200 2349 eorporis
1227 2311 1408 2340 detestatur
1433 2309 1451 2338 b
1476 2309 1570 2338 Fran.
1598 2309 1666 2338 Ode
1692 2306 1772 2337 GXI.
1799 2307 1836 2336 R.

465 2375 499 2413 6)
525 2372 589 2412 adf.
616 2372 655 2402 A.
681 2371 760 2410 quod
784 2380 854 2400 eam
881 2370 983 2408 magis
1008 2368 1144 2398 fastidiit
1159 2369 1195 2396 A.
1221 2366 1300 2405 quod
1325 2376 1350 2395 e.
1376 2375 1417 2395 m.
1444 2365 1567 2395 fastidit
1585 2365 1613 2393 2.
1639 2368 1671 2393 at
1695 2364 1799 2402 magis
1825 2363 1909 2402 quod
1935 2362 1996 2401 ipse
2022 2372 2091 2392 eam
2116 2360 2182 2392 fas—

351 2430 424 2460 tidit
447 2440 470 2460 r.
501 2429 611 2470 [massis
635 2428 671 2468 v]
701 2428 785 2466 quod
812 2437 880 2456 eam
904 2426 999 2465 maqz's
1025 2424 1147 2455 fastidit
1170 2433 1253 2453 mva.
1278 2423 1382 2460 magis
1410 2423 1494 2460 quod
1521 2432 1588 2451 eam
1615 2420 1761 2450 fastidiat
1784 2419 1861 2455 th.
1927 2420 1960 2458 7)
1987 2428 2080 2457 quam
2106 2417 2186 2457 quod

352 2488 436 2517 nihil
462 2488 530 2525 ipse
555 2487 666 2524 possit.
693 2493 802 2524 royare
826 2494 855 2512 se
879 2487 993 2521 oportet
1016 2482 1051 2510 R.
1079 2490 1171 2519 quam
1198 2479 1277 2519 quod
1299 2479 1368 2517 ipse
1392 2479 1474 2508 nihil
1502 2488 1550 2516 po.
1578 2489 1601 2507 r.
1628 2478 1695 2507 rell.
1731 2486 1825 2515 quam
1858 2478 1927 2514 ipse
1958 2476 2040 2504 nihil
2071 2475 2184 2513 possit,

352 2555 411 2575 om.
437 2543 523 2583 quod.
551 2553 643 2582 quam
671 2542 753 2570 nihil
780 2542 849 2578 ipse
875 2550 924 2578 po.
953 2541 982 2568 2.
1010 2557 1050 2559 —-
1076 2538 1220 2567 notanda
1246 2539 1323 2566 sunt
1348 2537 1446 2565 uerba
1472 2536 1505 2564 in
1530 2535 1628 2564 AR22
1666 2534 1748 2563 uires
1780 2538 1875 2571 caput
1907 2535 1956 2561 est
1987 2540 2102 2561 uersus
2135 2539 2185 2560 se-

353 2602 492 2640 quentis,
552 2600 586 2638 8)
614 2599 713 2628 schol.
739 2601 809 2636 post
836 2608 865 2626 u.
893 2598 910 2625 6
938 2596 1080 2633 positum
1107 2604 1123 2623 a
1149 2593 1194 2622 fh.
1220 2594 1287 2622 rell.
1315 2603 1375 2621 om.
1437 2593 1470 2630 9)
1498 2592 1623 2620 Exaret
1650 2592 1669 2619 i.
1697 2594 1799 2619 contr.
1828 2599 1887 2618 om.
1914 2587 2183 2624 AR21G,rvmca.

356 2659 410 2697 10)
437 2667 478 2687 ex
504 2657 591 2695 rugis
617 2655 694 2694 (om.
721 2658 855 2692 apparet
895 2670 930 2674 —-
970 2652 1069 2690 russis)
1096 2654 1165 2680 arat
1191 2651 1230 2679 A.
1299 2650 1353 2688 12)
1380 2653 1415 2678 ut
1441 2658 1501 2677 om.
1530 2649 1558 2676 2.
1628 2648 1683 2686 13)
1710 2650 1783 2685 post
1809 2646 1868 2675 leui
1891 2646 1987 2674 habet
2012 2646 2049 2673 2:
2075 2642 2186 2673 crudae

352 2724 415 2743 non
441 2715 567 2743 obesae.
593 2713 662 2742 rell.
689 2721 748 2740 om.
816 2711 871 2749 13)
893 2713 1007 2747 pectus.
1035 2708 1141 2738 Ironia
1167 2706 1256 2745 quasi
1282 2706 1390 2743 perdit
1414 2714 1464 2733 me
1490 2708 1600 2742 pectus
1633 2708 1731 2732 tuum.
1766 2704 1794 2732 2.
1863 2702 1918 2741 14)
1951 2701 2052 2740 quales
2083 2700 2184 2730 ubera.

353 2771 452 2809 qualis
477 2774 511 2799 ut
538 2769 656 2807 qualia,
683 2778 741 2797 om.
771 2768 867 2796 ubera
893 2766 931 2794 A.
957 2765 1000 2794 ait
1023 2765 1090 2794 rell.
1125 2765 1185 2792 inc.
1220 2763 1255 2791 R.
1289 2766 1319 2791 et
1353 2760 1566 2799 M,shQ(‹1¹?).
1598 2760 1666 2789 rell.
1699 2769 1759 2789 oin.
1827 2759 1882 2797 16)
1908 2758 2016 2787 dissoc.
2054 2759 2184 2793 l,rvma.

356 2828 411 2866 18)
438 2827 571 2855 Beatam
613 2844 623 2845 e
650 2834 714 2853 eam
740 2834 795 2862 pro
822 2824 887 2852 diu.
914 2823 1000 2851 dixit
1027 2821 1070 2850 M.
1098 2820 1230 2849 Beatam
1256 2819 1315 2848 iam
1341 2829 1368 2856 p.
1396 2819 1425 2847 d.
1446 2817 1542 2846 dixit.
1569 2817 1639 2845 rell.
1666 2816 1769 2846 Beata
1794 2817 1813 2845 i.
1852 2816 1942 2844 diues
1967 2819 2004 2844 ut
2029 2815 2114 2843 idem
2140 2822 2185 2842 su.

354 2893 409 2921 pra
435 2883 461 2911 P.
486 2887 517 2911 et
543 2882 612 2910 rell.
639 2882 691 2918 qni
719 2891 777 2909 om.
807 2880 838 2908 id
864 2883 922 2908 cst.
950 2877 996 2907 fh.
1023 2888 1082 2907 om.
1108 2876 1194 2906 idem.
1245 2893 1285 2895 *a
1334 2875 1393 2903 loc.
1420 2874 1496 2903 Hor.
1522 2884 1581 2901 om.
1609 2873 1673 2909 A2,
1700 2874 1754 2910 qui
1780 2873 1892 2901 habet:
1919 2872 2014 2900 beata
2038 2871 2057 2899 i.
2084 2870 2184 2898 diues.

356 2939 412 2977 20)
440 2938 471 2967 id
496 2942 537 2966 est
561 2942 657 2975 tamq.
683 2946 733 2966 no.
761 2936 803 2965 su.
832 2937 883 2965 im.
915 2940 944 2964 te
969 2935 1124 2963 maiorum
1151 2932 1342 2971 praecedant
1360 2931 1397 2959 A.
1448 2931 1503 2969 21)
1530 2931 1628 2959 schol.
1657 2939 1717 2959 om.
1744 2927 2008 2965 AR‘21G‚rmvca.
2035 2925 2114 2955 Cum
2138 2925 2185 2955 fh.

356 3006 413 3025 rec.
442 2996 478 3030 Q.
541 2995 598 3033 22)
623 2993 729 3023 mariti
753 2993 870 3029 A2‚va.
898 3002 972 3021 cura
998 2991 1038 3021 sit
1066 2991 1223 3028 comptior
1247 2989 1285 3018 A.
1313 2992 1380 3017 tunc
1407 2988 1449 3016 sit
1475 2987 1628 3024 comptior
1653 2996 1675 3015 r.
1700 2986 1771 3015 rell.
1800 2985 1842 3014 sit
1867 2993 1940 3013 cura
1966 2983 2130 3020 comptior.
2158 2981 2186 3016 Q

355 3053 467 3082 inculc,
493 3051 604 3080 marita
630 3051 671 3079 sit
697 3050 833 3079 ornatior
858 3049 1005 3087 gemmis,
1032 3058 1091 3077 om.
1119 3056 1204 3083 cura,
1229 3046 1385 3075 referens:
1414 3045 1466 3073 ‘sit
1492 3054 1567 3073 cura
1595 3053 1622 3073 o.
1643 3043 1735 3072 Fabr.
1763 3051 1837 3071 cura
1854 3041 1942 3069 sito.
1969 3039 2062 3069 codd.
2088 3038 2184 3068 Med.‘

355 3109 398 3139 At
424 3112 456 3138 et
481 3108 574 3137 Fabr.
602 3106 666 3145 (fh)
694 3111 724 3136 et
750 3107 833 3135 Med.
862 3107 982 3135 habent
1007 3104 1159 3143 comptior,
1186 3112 1248 3132 non
1274 3101 1420 3131 ornatior.
1448 3101 1590 3129 ornatior
1616 3102 1680 3137 pet.
1708 3108 1747 3128 ex
1772 3096 1814 3127 C:
1853 3097 2006 3125 maritata
2033 3096 2121 3125 nulla
2145 3095 2184 3123 sit

357 3166 474 3196 coniux
502 3174 580 3203 quae
606 3168 637 3192 tc
664 3165 704 3192 sit
732 3164 867 3201 gemmis
892 3162 1037 3191 ornatior.
1103 3162 1159 3198 ⁶23)
1187 3164 1293 3188 autem
1320 3169 1380 3187 om.
1410 3158 1474 3186 1t21
1507 3162 1535 3185 et
1565 3157 1635 3185 edd.
1663 3159 1790 3193 praeter
1816 3153 1860 3183 fh.
1888 3153 1986 3188 bacis,
2016 3154 2128 3182 baccas
2154 3155 2186 3180 et

358 3224 523 3252 baccatum
547 3220 575 3250 A
602 3221 632 3249 in
661 3221 772 3255 schol..
799 3219 883 3249 bacis
910 3220 940 3248 in
968 3218 1044 3248 Hor.
1071 3221 1103 3246 ut
1129 3226 1238 3247 omnes
1265 3220 1344 3245 uett.
1372 3215 1507 3243 codices.
