2170 3460
188 922 195 952 Ι
204 922 223 953 O

183 1292 221 1322 15

243 115 295 156 36
880 123 985 156 Aen.
1010 124 1071 155 ET
1097 123 1262 156 PORPH.
1289 123 1437 155 coium.

358 252 395 290 9.
428 249 612 290 Permme.
642 248 754 290 diuis.
806 246 1078 290 Ordinationi
1110 248 1328 289 numinum
1360 254 1510 289 cuncta
1537 247 1690 289 debere
1711 246 1927 289 committi.
1978 247 2074 289 Cae-

246 334 341 366 tera.
401 322 563 363 Omnes
594 322 908 364 sollicitudines.
971 323 1052 372 Om'
1080 322 1216 364 Simul.
1278 322 1406 363 Simul
1436 321 1540 362 dixit
1571 321 1616 362 in
1645 327 1902 362 momentum
1933 321 2075 363 onmia

245 396 576 452 tranquillantes.

360 472 425 512 10.
457 470 658 512 Str-(tuere.
717 467 940 510 Placidum
970 469 1119 510 fecere.
1180 468 1285 523 Verq.
1317 466 1391 523 (A.
1413 467 1537 518 VIII,
1569 469 1664 523 89):
1698 468 1896 509 Sterneret
1927 482 2076 524 aequor

249 546 372 601 aqms,
404 559 510 586 remo
541 552 586 586 ut
617 544 814 586 luctamen
849 542 1002 583 abesset.
1062 544 1237 597 Aequore
1262 542 1432 596 feruido.
1494 539 1717 583 Concitato
1746 540 1867 591 mari,
1905 547 2078 596 propter

246 617 501 674 proeliantes
531 623 691 659 uentos.

363 692 427 732 11.
461 692 525 732 12.
558 691 637 732 Nee
669 691 885 745 aquantur.
945 687 1036 731 Noc
1068 694 1383 730 commonentur
1414 688 1557 730 sedato
1587 688 1686 729 flatu
1716 693 1949 730 uentorum.

363 766 427 805 14.
464 766 589 815 Quem
612 764 713 805 Fors
734 764 897 805 dierum.
927 761 979 803 Id
1000 768 1074 813 est,
1105 768 1278 804 euentus
1299 762 1464 803 dierum
1484 762 1661 813 lucrare,
1694 768 1734 803 et
1753 776 1913 803 memor
1933 760 2079 802 mortis

248 838 367 887 citae,
404 851 483 879 nec
521 835 723 878 laetitiam
758 850 837 877 nec
867 850 1030 877 amores
1061 835 1215 877 omitte.
1278 834 1418 892 [Ordo
1450 842 1531 877 est:
1572 849 1876 890 quemcumque
1915 834 2078 876 dierum

250 911 367 953 dabit.
396 910 517 962 Fors,
549 911 715 966 adpone
745 909 861 952 lucro
892 916 933 951 et
961 910 1060 966 fuge
1091 923 1306 964 quaerere,
1339 909 1441 964 quid
1471 909 1524 950 sit
1553 924 1645 951 cras
1676 908 1892 964 futurum]

360 987 425 1027 14.
459 986 565 1041 Fuqe
603 998 800 1041 quaerere.
873 983 925 1024 In
959 983 1311 1038 uituperationem
1350 983 1548 1024 mathesis
1586 983 1757 1033 dictum,
1799 995 1905 1037 quae
1943 980 2079 1037 magis

247 1060 406 1102 cruciat
435 1058 724 1115 expectatione
755 1064 796 1100 et
827 1057 1097 1113 inquisitione
1127 1057 1374 1098 futurorum.

361 1135 426 1175 14.
459 1134 524 1175 15.
556 1133 686 1175 Lucro
718 1133 882 1188 adpone.
949 1130 1166 1172 Patienter
1200 1130 1263 1171 fer
1294 1136 1332 1171 et
1369 1128 1476 1171 habe
1515 1144 1593 1185 pro
1623 1129 1740 1171 lucro
1772 1142 2079 1184 quemcumque

247 1208 424 1258 dierum,
455 1207 544 1249 siue
574 1207 731 1249 bonum
762 1206 850 1248 siue
880 1205 1037 1247 malum
1068 1203 1185 1245 dabit.
1215 1218 1316 1246 sors.

363 1282 427 1322 16.
461 1281 592 1337 Neque
623 1289 664 1322 [ιι
697 1279 870 1322 choreas,
955 1278 1128 1320 Chorene
1159 1292 1183 1318 a
1214 1277 1340 1318 choro
1372 1277 1529 1327 dictae,
1562 1277 1675 1332 quod
1705 1276 1858 1319 iunctis
1887 1275 2082 1318 inanibus

248 1355 431 1397 saltetur.

364 1431 428 1470 17.
471 1430 621 1477 serenti,
683 1426 801 1484 [Tibi
833 1426 941 1482 scil]
1001 1425 1151 1466 qucni
1183 1431 1221 1466 et
1253 1425 1391 1467 adhuc
1425 1424 1566 1475 uiridi,
1599 1424 1746 1466 aetatis
1775 1424 1925 1466 bonae.

363 1504 428 1544 17.
462 1504 525 1545 18.
558 1503 722 1545 Morosa
754 1502 925 1542 canities.
986 1498 1108 1552 Quae
1139 1498 1332 1541 tetricum
1362 1498 1483 1539 tarda
1515 1497 1818 1540 deliberatione
1849 1497 1988 1540 faciat.

363 1578 428 1618 18.
461 1577 644 1631 Campus.
704 1574 864 1616 Planus
894 1573 949 1614 ad
977 1572 1122 1614 ludum
1151 1572 1267 1614 locus
1300 1572 1502 1628 [‚scilicct
1531 1571 1777 1628 repetatur]

365 1651 430 1692 19.
464 1650 669 1705 Lenesque.
729 1646 995 1702 Voluptuosi.
1057 1646 1238 1688 Susurri.
1300 1644 1686 1688 Confabulationes.

250 1767 372 1805 scripsi
405 1764 572 1808 μάγγανον,
605 1775 668 1795 non
701 1761 843 1806 μαγγάνα
874 1767 1003 1802 propter
1027 1763 1119 1792 codd.
1146 1766 1177 1792 et
1203 1762 1274 1791 edd.
1302 1763 1356 1800 qui
1381 1763 1457 1792 hab.
1484 1767 1540 1793 aut
1563 1773 1722 1803 magyarum
1747 1761 1811 1800 bG,
1829 1762 1976 1793 rmvafh.
2003 1761 2084 1791 idem

250 1832 403 1863 navorum
419 1823 455 1860 R,
482 1827 537 1852 aut
561 1832 717 1862 maqormn
740 1831 767 1864 γ,
794 1825 849 1850 aut
867 1819 1001 1859 nugaris
1020 1820 1119 1849 schol.
1138 1819 1253 1849 Barth.
1272 1818 1349 1849 Met.
1376 1828 1424 1857 ap.
1443 1818 1573 1858 Suring.
1597 1821 1669 1849 108.
1695 1820 1846 1850 Proxime
1873 1820 1913 1848 ad
1939 1823 2084 1850 nostram

250 1882 322 1910 lect.
351 1881 475 1910 aceedit
502 1879 544 1910 C:
579 1880 680 1917 ,diota
704 1888 761 1908 uas
788 1882 838 1907 est
862 1877 1023 1906 uinarium
1049 1876 1129 1905 duas
1155 1885 1252 1905 ansas
1277 1876 1414 1913 habens,
1447 1877 1538 1914 quasi
1566 1877 1645 1906 duas
1672 1877 1831 1906 auriculas
1856 1876 1941 1905 unde
1967 1885 2084 1906 nomen

250 1938 387 1967 habent:
414 1938 503 1967 aliud
528 1940 577 1967 est
602 1936 686 1975 quod
704 1936 890 1975 stlayyammt
913 1934 1042 1971 dicitur,
1069 1942 1126 1962 vas
1151 1933 1313 1962 vinarium
1339 1942 1380 1961 ex
1406 1933 1496 1971 ligno
1522 1933 1724 1963 confectum!
1761 1933 1826 1963 Adi
1843 1932 1979 1963 Suidam
2004 1942 2030 1962 S.
2047 1942 2078 1963 u.

249 1992 393 2036 μαγγνὶνα
418 1990 465 2024 ὅτι
489 1991 526 2024 τό
553 1989 676 2035 οἰνηρὸν
702 1990 822 2034 ἀγγεῖον
841 1988 877 2021 ἐκ
902 1985 1004 2027 ξύλων
1029 1988 1321 2031 κατεσκευασμένον
1340 1984 1552 2020 ΜΑΓΓΑΝΑΝ
1582 1987 1684 2021 ίταλοὶ
1715 1986 1917 2032 ὀνομάζουσι,
1948 1986 2030 2020 ἔστιν
2053 1986 2084 2020 ἐν

254 2052 302 2081 τῶ
330 2045 502 2082 ΓΑΥΛΟΣ.
552 2049 632 2079 Cum
657 2047 799 2091 μαγγάνα
825 2057 888 2077 non
915 2048 958 2076 sit
982 2050 1081 2085 utque
1107 2055 1191 2075 mere
1217 2056 1365 2084 graec-um
1390 2047 1589 2085 vocabulum,
1623 2051 1658 2076 ut
1684 2047 1826 2077 editores
1851 2047 2008 2077 Thesauri
2035 2056 2082 2084 gr.

251 2111 336 2137 reete
363 2108 488 2144 dieunt,
514 2104 695 2149 μαγγάνα
720 2114 846 2143 graeca,
871 2113 1050 2143 mayycznum
1075 2104 1178 2133 latina
1202 2104 1303 2134 forma
1328 2113 1399 2133 esse
1424 2104 1564 2134 videtur.
1585 2103 1752 2143 Suringar.
1771 2113 1813 2134 ex
1832 2103 1977 2135 Glossar.
1997 2103 2084 2134 Can-

251 2164 338 2201 gian.
365 2163 400 2192 T.
426 2163 469 2191 IV
494 2173 523 2201 p.
552 2163 613 2192 730
640 2166 671 2191 et
696 2161 857 2199 Supplem.
884 2161 920 2190 T.
946 2161 987 2198 II,
1018 2160 1100 2188 1216
1127 2163 1159 2189 et
1188 2160 1269 2189 1259
1296 2159 1429 2199 ssliyerict
1459 2161 1509 2189 uel
1534 2160 1680 2199 Megeria
1710 2162 1805 2198 eruit,
1837 2170 1918 2199 quae
1953 2165 2019 2191 tam
2044 2161 2083 2190 (le

249 2229 400 2249 mensura
424 2220 635 2249 frumentaria
661 2228 754 2257 quam
780 2218 976 2257 liquidorum
1001 2217 1177 2247 dicebatur.
1203 2217 1299 2255 dyota
1324 2216 1428 2246 rnifh.
1453 2219 1522 2247 rell.
1549 2217 1646 2248 diota.
1689 2219 1721 2258 1)
1746 2222 1853 2248 cemcta
1877 2218 1995 2260 Ab·s‚r‚
2021 2228 2081 2248 om.

250 2275 378 2311 mvafh,
404 2277 456 2315 qui
483 2277 621 2305 habent:
648 2285 758 2305 omnes
785 2276 854 2306 soll.
881 2276 947 2304 ord.
975 2283 1059 2303 num.
1086 2274 1157 2303 deb.
1185 2283 1295 2303 comm.
1322 2273 1401 2303 dicit.
1429 2275 1465 2304 2:
1495 2273 1602 2305 Cetera
1627 2276 1707 2305 dicit
1733 2285 1816 2305 omn.
1843 2276 1913 2306 soll.
1940 2286 1967 2305 o.
1994 2284 2025 2304 11.
2052 2276 2083 2305 d.

250 2343 361 2363 eonnn.
381 2333 420 2364 C:
440 2332 579 2371 permitte
603 2331 681 2361 diuis
698 2331 740 2371 c.]
769 2341 853 2362 omn.
880 2332 950 2362 soll.
969 2331 1046 2361 alias
1064 2340 1173 2361 connn.
1200 2331 1268 2360 ord.
1294 2332 1470 2360 numinum.
1520 2333 1554 2371 2)
1580 2336 1773 2362 momentum
1785 2332 1898 2374 A-fR‚1·.
1921 2333 1991 2362 rell.
2018 2342 2083 2362 mo-

251 2395 361 2420 mento.
412 2391 447 2428 8)
472 2390 550 2419 Fors
574 2398 684 2420 omnes
708 2389 772 2418 sere
797 2390 889 2419 codd.
915 2388 987 2418 Aer.
1014 2394 1046 2419 et
1069 2389 1158 2425 Hor.‚
1183 2397 1247 2417 sors
1273 2397 1372 2418 rmva.
1418 2389 1455 2418 ld
1476 2393 1525 2418 est
1543 2390 1583 2419 A.
1634 2391 1667 2429 9)
1698 2389 1780 2420 Ordo
1798 2407 1837 2411 —
1851 2389 1998 2429 ficturum
2022 2400 2083 2421 om.

251 2446 466 2490 A-fb2Rquc.
519 2447 574 2486 11)
600 2455 679 2485 quae
703 2447 808 2484 magis
826 2445 895 2487 A-sb
922 2444 1054 2485 (quem),
1080 2446 1130 2474 fh.
1156 2445 1238 2483 quod
1260 2454 1345 2481 mag.
1375 2445 1544 2482 1R71‘1nva.
1572 2456 1653 2485 quae
1680 2451 1800 2485 quanto
1825 2447 1895 2485 plus
1919 2447 1958 2476 de
1975 2447 2083 2478 futuro

251 2506 431 2543 cogitamus
456 2508 537 2534 tanto
559 2501 656 2543 maz-qis
681 2502 717 2533 C.
766 2503 837 2532 Non
864 2503 977 2531 lacuna
1004 2501 1187 2540 (Suringar.
1217 2503 1297 2531 109:
1336 2512 1415 2541 quae
1442 2508 1562 2541 quanto
1587 2505 1658 2542 plus
1684 2504 1723 2533 de
1748 2505 1864 2534 suturis
1890 2505 2083 2543 cogitamus,

252 2566 343 2591 tanto
368 2561 489 2599 magis)
525 2561 609 2589 inter
633 2568 707 2598 quae
732 2564 763 2589 et
789 2558 883 2598 ηιαφέ
908 2559 1069 2597 explenda
1095 2563 1162 2596 θεὶς
1195 2559 1373 2597 simplicius·
1398 2559 1493 2599 mayz's
1518 2570 1574 2598 pro
1599 2561 1823 2591 uehementius
1849 2561 1971 2591 dietum
1995 2566 2082 2599 puta.

252 2616 596 2653 ‹·0nf.1101·.()arn1.1,
623 2617 675 2652 25,
705 2617 754 2645 11.
796 2616 851 2654 12)
877 2615 1064 2654 inquisitione
1080 2615 1203 2657 AybCr.
1229 2616 1297 2645 rell.
1317 2615 1515 2654 quaesitione
1534 2616 1665 2655 RG‚va,
1693 2619 1893 2656 quaestione,
1920 2619 2083 2656 quaestio-

254 2684 335 2703 nem.
388 2675 442 2713 14)
469 2675 560 2703 dabit
590 2683 658 2703 sors
683 2672 857 2709 R1,r1nva,
891 2673 963 2701 dab.
998 2673 1061 2701 fors
1087 2673 1117 2701 b.
1144 2672 1235 2701 dabit
1259 2673 1321 2701 tibi
1347 2673 1410 2702 fors
1436 2683 1461 2714 γ,
1487 2683 1555 2703 sors
1582 2675 1673 2704 dabit
1698 2674 1781 2703 Afh.
1808 2675 1890 2704 habe
1915 2675 2033 2704 lucrum
2055 2684 2082 2716 γ.

258 2730 311 2769 17)
343 2730 409 2759 Tibi
437 2730 500 2759 scil.
534 2739 592 2759 oni.
618 2728 656 2758 A.
681 2729 797 2767 Recepi
821 2728 924 2765 uiridi,
952 2730 1070 2759 aetatis
1096 2729 1209 2758 bonae.
1236 2729 1334 2758 uiridi
1361 2731 1479 2760 aetatis
1511 2731 1593 2761 bono
1617 2731 1672 2773 Λγ.
1699 2732 1760 2761 tibi
1786 2732 1896 2762 iuueni
1922 2736 1955 2762 et
1979 2732 2084 2762 adhuc

253 2787 328 2825 (om.
355 2787 463 2825 uiridi)
489 2788 608 2817 aetatis
634 2789 736 2817 bonae
763 2786 799 2816 C.
825 2787 1000 2816 Dicebatur
1026 2791 1057 2816 et
1082 2790 1164 2816 aetas
1187 2786 1263 2816 bona
1289 2786 1356 2817 Cic.
1381 2786 1456 2817 Sen.
1486 2788 1523 2816 14
1551 2793 1581 2818 ct
1606 2788 1688 2818 mala
1703 2789 1808 2819 Plaut.
1825 2788 1911 2818 Men.
1928 2788 1967 2825 V,
1994 2790 2025 2825 2,
2053 2789 2083 2818 6.

254 2844 347 2881 Vulg.
373 2844 486 2872 lectio:
513 2843 622 2873 uiridis
648 2844 766 2874 aetatis
791 2842 911 2873 Ιιοηιίιιί.
937 2844 999 2873 tibi
1026 2844 1094 2873 scil.
1114 2845 1222 2873 iuueni
1248 2848 1279 2874 et
1304 2844 1378 2873 adh.
1404 2845 1518 2874 uiridis
1545 2846 1643 2875 atatis
1669 2845 1752 2875 homo
1770 2847 1799 2876 2.
1846 2847 1900 2885 18)
1925 2855 2000 2885 quae
2021 2845 2081 2887 Αγ.

253 2900 308 2938 qui
330 2901 360 2929 b.
389 2901 466 2938 quia
489 2909 513 2928 r.
540 2900 622 2937 quod
644 2901 711 2930 rell.
745 2899 889 2938 quoniam.
917 2909 1047 2929 morosos
1081 2901 1226 2930 homiues
1259 2901 1364 2930 reddit
1391 2902 1556 2939 nullosque
1581 2912 1684 2932 mores
1710 2903 1866 2932 habentes
1891 2902 1953 2945 Βφ.
2001 2902 2082 2931 Inde

253 2957 387 2987 nivafh:
414 2966 562 2985 morosum
587 2961 608 2985 t.
637 2957 666 2985 d.
694 2957 802 2987 sau-iat.
829 2956 999 2999 A712R2G:
1032 2961 1120 2986 totum
1145 2962 1167 2986 t.
1193 2958 1223 2990 d.
1250 2957 1271 2987 f.
1299 2963 1400 2988 totam
1426 2968 1449 2987 r.
1499 2958 1591 2992 Quod
1617 2969 1688 2988 cum
1712 2958 1788 2988 ferri
1815 2963 1964 2997 nequeat,
1997 2957 2083 2988 tetri-

253 3024 319 3043 cum
344 3013 400 3051 (acl
425 3014 544 3052 mores)
570 3014 677 3051 potius
703 3023 797 3052 quam
823 3018 929 3043 tetrum
954 3013 1011 3051 (ad
1037 3015 1191 3054 speciem)
1217 3015 1266 3044 uel
1293 3014 1442 3053 torpidmn
1467 3015 1517 3043 nel
1543 3024 1657 3044 moram.
1681 3015 1802 3053 (Plaut.
1821 3016 1874 3045 Tr.
1891 3015 1950 3054 111,
1974 3017 2004 3054 2,
2023 3016 2081 3055 43)

254 3072 416 3101 sublatere
441 3071 520 3100 mihi
547 3071 653 3099 uisum
679 3074 738 3099 cst.
783 3071 837 3108 19)
864 3072 951 3101 locus
976 3074 1003 3100 et
1025 3075 1198 3109 repetantur
1222 3070 1259 3100 ab
1284 3070 1480 3110 &durioribus
1497 3071 1639 3102 subaudis
1656 3072 1747 3102 mvas
1752 3073 1782 3101 h.
1801 3082 1861 3103 om.
1880 3071 1969 3103 R2C.
1990 3082 2014 3102 s.
2034 3081 2083 3101 re-

255 3132 384 3166 petatur
408 3129 457 3169 Tb.
482 3127 662 3157 substantiae
687 3131 850 3165 repetatur
874 3137 898 3156 r.
