2170 3460
82 988 119 1018 10

80 1356 119 1386 15

143 184 222 224 282
779 190 885 222 ΑΘΒ.
911 190 972 221 ET
997 188 1163 221 PORPH.
1189 187 1336 221 coMM.

255 317 321 358 38.
345 330 490 372 pacem
521 316 557 357 d.
589 316 758 356 miscuit.
819 311 906 366 Qui
937 319 1149 368 tamquam
1182 311 1225 353 in
1246 325 1351 367 pace
1373 325 1416 352 se
1436 309 1626 351 hostibus
1648 309 1839 359 credidit,
1871 308 1972 349 dum

143 405 186 432 se
217 389 419 431 debuerat
450 388 579 430 armis
610 388 730 429 tueri.

254 479 275 505 ο
303 463 445 520 pudor.
507 460 815 518 [Verecundia]
849 458 1154 501 Romanoruml
1190 457 1253 514 [0]
1287 457 1539 499 exclamatio
1570 456 1764 498 dolentis.

255 538 321 579 39.
354 552 388 578 0.
420 551 468 577 m.
506 536 641 578 Carth.
703 535 848 589 Maqmc
877 532 990 574 enim
1009 530 1225 586 Carthago
1256 530 1309 571 ab
1332 530 1486 572 accolis
1516 529 1768 577 uocabatur3
1801 528 1875 569 sed
1904 528 1973 569 hic

145 626 239 652 eum
270 618 393 665 poeta
424 610 483 650 ait
513 609 718 650 dedecore
747 606 1037 647 Romanorum
1067 605 1269 645 maiorem
1303 603 1397 659 [ait]
1430 604 1597 644 factam.

255 686 322 725 40.
356 685 477 725 altior
511 683 602 724 Ital.
633 696 697 722 ru.
769 678 1014 734 Indignatio
1052 677 1233 718 Romani
1266 676 1384 717 ducis
1415 683 1488 726 est,
1535 675 1606 730 qui
1636 690 1721 716 non
1750 675 1975 717 uirtutibus

143 757 259 799 urbis
290 756 474 798 contudit
499 753 804 809 Carthaginem
835 752 909 794 sed
939 751 1085 801 ruinis,
1117 758 1162 792 ut
1194 750 1275 807 [in]
1300 749 1480 792 miseriis
1503 749 1808 805 (Romanorum
1819 750 1856 805 ?)
1888 751 1976 791 for-

142 832 224 872 tior
254 827 528 884 crederetur[‚
559 842 642 868 non
673 827 716 867 in
738 825 863 867 rebus
884 824 1146 881 praeclaris]

255 905 321 945 41.
353 904 487 957 fertur
514 902 610 958 pud.
643 902 743 942 coni.
775 915 853 941 osc.
911 899 984 939 Ad
1015 905 1287 955 augmentum
1317 898 1484 939 uirtutis
1514 897 1708 952 pertinet,
1741 897 1853 951 quod
1884 911 1975 938 cas-

144 984 228 1018 tam
259 991 336 1031 pro
368 974 506 1030 patria
535 974 726 1030 Regulus
772 973 1021 1027 contempsit
1066 986 1260 1021 uxorem3
1305 972 1507 1026 inpudica
1553 971 1665 1012 enim
1709 971 1800 1011 iure
1844 971 1978 1025 potuit

145 1049 385 1105 contempni
396 1066 406 1099 3
438 1049 684 1090 indecorum
715 1047 827 1089 enim
859 1046 989 1097 duxit,
1032 1053 1268 1088 matronam
1298 1045 1535 1086 Romanam
1567 1059 1747 1094 seruum,
1792 1044 1872 1085 hoc
1902 1050 1976 1093 est,

144 1124 359 1180 captiuum
401 1122 543 1164 osculo
583 1121 759 1178 dignum
797 1128 956 1175 putare.
1030 1119 1230 1176 Neglexit
1270 1120 1396 1161 etiam
1432 1134 1587 1175 paruos
1623 1118 1744 1169 filios,
1790 1117 1861 1173 qui
1900 1132 1978 1173 pro

145 1198 294 1240 aetatis
324 1196 566 1238 infirmitate
597 1195 909 1238 miserationem
940 1194 1074 1250 patris
1104 1193 1257 1235 mereri
1287 1193 1512 1249 potuerint.

258 1272 325 1312 42.
361 1271 425 1327 [ut
455 1272 592 1328 capitis
623 1271 766 1311 minor.
839 1267 899 1310 Vt
929 1268 1113 1310 insanus.
1187 1266 1419 1309 Minoratio
1454 1266 1566 1307 enim
1605 1264 1768 1307 cerebri
1807 1263 1977 1320 ἀπορίαν

145 1345 302 1401 infert]
366 1343 490 1387 Serui
521 1346 694 1386 minores
726 1344 866 1399 capitis
896 1349 1101 1384 uocantur
1131 1356 1193 1392 eo,
1226 1341 1337 1396 quod
1368 1355 1452 1383 non
1482 1340 1666 1382 habeant
1695 1338 1876 1381 liberum
1907 1353 1978 1381 ca-

145 1426 231 1475 put.
292 1427 338 1460 ut
369 1420 522 1475 capitis.
583 1424 626 1458 ut
657 1418 842 1463 insanus,
873 1422 918 1457 ut
948 1430 1104 1457 amens.

259 1494 325 1533 44.
359 1501 513 1534 toruus.
588 1489 845 1546 Terribilis[‚
876 1497 921 1531 ut
958 1490 1067 1544 Verq.
1115 1487 1191 1542 (G.
1222 1487 1302 1539 ΙΠ,
1335 1489 1427 1543 51);
1478 1488 1636 1544 Optima
1676 1496 1816 1529 toruae
1844 1488 1979 1542 forma

147 1565 290 1623 bouis]
354 1566 481 1607 Humi
500 1581 587 1622 pos.
619 1565 746 1616 uultu,
814 1564 859 1604 id
888 1569 962 1614 est,
994 1563 1038 1604 in
1068 1570 1223 1604 terram
1253 1561 1416 1604 deiecto
1445 1561 1576 1612 uultu,
1615 1575 1667 1602 ne
1698 1561 1753 1602 ad
1783 1560 1980 1602 affectum

147 1640 214 1681 uel
246 1640 446 1695 adspectu
477 1639 724 1680 traheretur.

261 1715 328 1754 46.
360 1727 580 1770 numquam
610 1727 646 1753 α.
680 1713 716 1753 d.
749 1741 758 1751 .
790 1709 973 1763 Qualem
1005 1709 1255 1751 sententiam
1275 1723 1402 1749 numo
1424 1722 1623 1762 umquam
1645 1708 1697 1749 de
1720 1722 1762 1749 se
1785 1706 1979 1748 dedisset.

260 1788 326 1828 48.
359 1787 555 1841 eyreqz'tts.
631 1783 853 1827 Gloriosus
864 1801 874 1834 3
917 1784 989 1839 qui
1020 1783 1185 1824 exulem
1216 1797 1258 1823 se
1290 1796 1377 1823 esse
1408 1781 1603 1822 maluerit
1635 1797 1760 1836 quam
1792 1797 1887 1822 cum
1916 1781 1981 1821 in-

147 1860 276 1902 famia
297 1860 469 1909 redimi3
493 1866 532 1901 et
553 1866 614 1901 est
635 1859 844 1900 occultum
867 1858 1090 1898 ἀντίθετον.
1150 1855 1262 1897 Nam
1283 1856 1550 1898 maerentibus
1573 1855 1794 1911 egregium
1816 1854 1981 1896 exulem

148 1934 357 1989 opposuit.
430 1933 591 1975 Mirum
623 1940 684 1974 est
714 1947 829 1987 ergo,
860 1938 906 1973 ut
936 1930 1108 1973 caeteris
1138 1945 1216 1986 pro
1247 1945 1290 1972 se
1335 1931 1603 1972 maerentibus
1648 1929 1739 1984 ipse
1786 1935 1982 1971 constans

149 2007 290 2049 animo
321 2006 584 2063 probaretur.

261 2082 328 2122 49.
361 2082 477 2137 atqua·
503 2095 555 2122 sc.
588 2094 621 2136 q.
653 2096 682 2122 s.
713 2080 746 2121 b.
779 2086 802 2120 t.
828 2094 869 2135 p.
931 2076 1019 2130 Qui
1049 2077 1128 2120 hac
1159 2077 1380 2119 securitate
1409 2076 1637 2119 uoluntatis
1667 2090 1779 2127 suae,
1811 2075 1983 2131 impleto

265 2238 299 2276 3)
327 2246 439 2275 pacem
467 2237 494 2265 1.
535 2235 633 2265 credit
667 2244 730 2264 mv.
795 2235 829 2273 2)
868 2233 1012 2263 debuerit
1047 2243 1127 2263 omo.
1164 2233 1251 2263 libri.
1294 2233 1447 2263 debuerat
1478 2232 1546 2268 CQ.
1610 2233 1645 2271 3)
1684 2232 1784 2262 schol.
1822 2241 1881 2262 om.
1919 2231 1982 2261 Ab.

157 2293 343 2324 I'erecmnlz'a
366 2293 453 2322 Rom.
484 2292 609 2329 R2‚rfh.
645 2292 714 2322 rell.
752 2301 812 2320 om.
850 2301 867 2320 o
904 2301 965 2321 om.
1007 2291 1055 2319 12.
1087 2290 1183 2320 acolis
1220 2291 1250 2319 b.
1311 2291 1345 2330 5)
1383 2294 1478 2327 poeta
1509 2291 1555 2319 ait
1592 2289 1672 2331 Αγ1).
1714 2290 1787 2318 mai.
1825 2288 1900 2318 fact.
1937 2288 1984 2317 ait

150 2351 187 2380 R.
220 2352 290 2380 rell.
328 2351 402 2379 mai.
439 2350 485 2378 ait
522 2349 563 2378 fa.
604 2357 671 2378 cam
703 2351 792 2387 putat
828 2357 852 2376 r.
894 2347 957 2376 vult
991 2356 1052 2376 esse
1087 2346 1206 2376 factam
1245 2345 1281 2375 C.
1337 2347 1372 2385 6)
1411 2350 1459 2375 est
1496 2356 1556 2375 om.
1595 2345 1619 2375 C
1655 2344 1777 2374 mvafh.
1838 2345 1872 2383 7)
1910 2353 1984 2374 con-

150 2406 235 2437 tudit
262 2408 280 2436 2
313 2406 369 2444 (ad
407 2415 507 2443 marg.
546 2405 640 2444 corr.)
681 2404 716 2435 C.
754 2408 875 2442 cartag.
911 2405 960 2445 Tb.
1001 2402 1124 2442 russinis
1160 2413 1177 2444 γ
1214 2404 1248 2432 in
1283 2403 1401 2432 lemma
1437 2407 1469 2432 et
1506 2403 1539 2431 in
1577 2402 1643 2430 sch.
1704 2402 1738 2439 7)
1775 2401 1808 2430 in
1842 2401 1984 2430 miseriis

153 2463 228 2493 bRA
254 2463 429 2502 (miseris),
448 2473 473 2491 r.
513 2467 545 2491 ‘ut
569 2467 596 2491 et
619 2462 650 2491 2⁸72.
675 2461 711 2490 R..
752 2465 782 2490 ut
806 2461 894 2490 uinis
927 2464 954 2489 et
983 2460 1055 2489 mis.
1091 2460 1121 2489 2.
1162 2459 1214 2488 sed
1244 2470 1292 2489 ru.
1326 2464 1352 2489 ec
1382 2460 1452 2488 mis.
1488 2461 1514 2488 1.
1540 2468 1602 2488 non
1626 2458 1658 2487 in
1694 2457 1982 2497 A·(le2G‚1-mva.

152 2522 185 2549 in
221 2531 284 2550 om.
320 2519 399 2554 th.
437 2518 481 2549 C:
519 2537 560 2539 ψ
599 2519 654 2548 sed
690 2517 818 2547 miseriis
855 2521 881 2546 et
915 2516 1012 2546 ruinis
1048 2517 1252 2546 Romanorum
1288 2517 1335 2546 ait
1370 2515 1534 2546 fortiorem
1565 2525 1649 2544 nunc
1680 2515 1793 2545 haberi
1824 2519 1856 2544 et
1892 2513 1983 2543 credi.

151 2578 198 2613 Q:
227 2579 279 2607 ‘esc
303 2577 376 2606 add.
403 2585 445 2605 ex
470 2577 556 2613 cod.;
584 2576 707 2614 reliqua
731 2575 891 2611 corrigere
916 2583 979 2603 non
1006 2574 1119 2611 potui.'
1148 2573 1328 2611 Sententia,
1354 2574 1485 2603 omnino
1519 2582 1623 2610 neque
1652 2573 1733 2601 bene
1770 2580 1873 2609 neque
1905 2570 1984 2599 satis

151 2636 236 2664 clare
262 2634 443 2663 enuntiata.
486 2633 594 2670 inpud.
620 2632 678 2674 Αγ.
746 2632 802 2670 11)
826 2640 857 2660 se
882 2640 1007 2659 seruum
1035 2630 1070 2660 (J.
1112 2633 1269 2659 seruullmz
1293 2631 1322 2659 2.
1398 2629 1453 2668 13)
1486 2630 1583 2658 etatis
1609 2629 1734 2658 infirmo
1769 2628 1829 2658 Ab.
1870 2631 1986 2656 aetates

153 2693 277 2721 infirmo
300 2701 327 2733 γ.
365 2694 488 2729 propter
512 2694 636 2719 aetatem
668 2690 697 2718 2.
739 2689 808 2718 rell.
846 2698 903 2726 pro
939 2687 1057 2717 aetatis
1096 2687 1297 2716 infirmitate.
1336 2703 1377 2707 —
1404 2695 1524 2715 merere
1548 2685 1594 2714 fh.
1636 2688 1810 2723 potuerunt
1835 2681 1984 2720 RQraC.

155 2749 210 2787 14)
236 2748 341 2778 Srliol.
370 2748 444 2777 incl.
469 2756 529 2776 om.
556 2746 606 2775 Ab
633 2750 664 2775 et
689 2755 722 2788 γ,
749 2746 803 2784 qui
829 2745 925 2774 habet
944 2743 1033 2773 Serui
1062 2761 1098 2764 —-
1127 2753 1246 2772 amens.
1273 2742 1313 2773 C:
1341 2751 1450 2771 seruus
1477 2743 1581 2772 factus
1606 2751 1662 2780 per
1687 2741 1920 2779 captiuitatem.
1948 2740 1983 2768 2:

152 2804 248 2833 minor
281 2806 300 2833 i.
327 2816 353 2833 e.
380 2805 524 2833 insanus.
566 2802 720 2832 diminutio
745 2803 828 2832 onim
865 2801 987 2831 cerebri
1012 2800 1163 2829 msanimn
1193 2799 1301 2829 infert.
1332 2798 1490 2828 minoratio
1521 2799 1546 2827 R
1577 2802 1608 2828 ct
1640 2808 1724 2828 omn.
1758 2797 1831 2827 edd.
1867 2796 1984 2826 celebri

153 2862 289 2899 aperiam
314 2861 350 2890 R.
414 2859 470 2899 17)
500 2855 566 2889 seli.
601 2860 640 2888 ad
674 2863 777 2888 toruus
809 2868 868 2887 om.
900 2857 1012 2898 Amr.
1044 2866 1061 2898 γ
1091 2857 1189 2885 habet
1219 2857 1381 2894 glossarum
1415 2855 1583 2885 terribilis.
1618 2858 1780 2885 constans.
1822 2864 1851 2882 r:
1884 2857 1986 2882 toruus

153 2916 242 2947 humi.
285 2918 443 2946 terribilis
470 2918 490 2946 i.
525 2917 556 2945 in
584 2921 699 2945 terram
738 2934 768 2935 W
794 2915 974 2944 trahentur.
1002 2914 1133 2951 Optima
1157 2913 1278 2943 mvafh.
1319 2918 1449 2951 optuma
1474 2913 1598 2942 Nonius
1624 2913 1698 2941 411.
1751 2912 1806 2950 18)
1832 2915 1917 2940 terra
1944 2910 1984 2939 A.

153 2974 222 3003 rell.
248 2978 377 3002 terram.
405 2982 443 3001 ne
469 2972 584 3002 affectu
599 2972 633 3002 R.
687 2973 742 3011 19)
768 2973 819 3001 uel
845 2975 977 3009 aspectu
1005 2970 1163 3012 A·51›]{,f11.
1189 2980 1226 2999 nc
1251 2974 1382 3008 aspectu
1412 2979 1451 2998 ne
1476 2970 1517 2998 ad
1543 2968 1596 2998 aff.
1621 2972 1755 3006 aspectu
1781 2977 1809 3005 a,
1835 2977 1896 2997 om.
1921 2966 1985 2996 uel.

153 3030 222 3059 roll.
249 3032 418 3067 aspectum.
458 3030 497 3058 ad
525 3029 574 3059 eff.
600 3039 680 3058 rinv.
721 3029 894 3065 adfectum⁷
936 3037 996 3057 om.
1023 3028 1073 3065 nd7
1112 3027 1151 3057 A.
1192 3027 1312 3056 uultum
1343 3027 1387 3056 fh.
1413 3026 1482 3055 rell.
1520 3026 1621 3055 uultu.
1655 3029 1688 3053 ut
1727 3033 1818 3062 neque
1856 3027 1987 3061 aspectu

153 3095 245 3124 ‘neque
270 3085 387 3115 affectu
412 3086 495 3114 trah.
524 3087 552 3115 2.
603 3086 661 3125 20)
685 3095 845 3123 nunquam
872 3084 918 3113 fh.
944 3093 1091 3122 umquam
1118 3083 1208 3113 codd.
1235 3093 1307 3121 unq.
1335 3083 1407 3112 cdd.
1458 3083 1514 3121 21)
1541 3082 1692 3119 insignis,
1720 3082 1774 3119 qui
1800 3079 1837 3110 C.
1862 3079 1987 3120 insiync‘s

155 3144 251 3172 etiam
278 3142 320 3179 gl.
349 3143 382 3171 in
406 3151 431 3183 γ.
459 3142 619 3179 gloriosus
647 3143 677 3171 in
704 3142 802 3173 schol.
829 3146 861 3171 ut
881 3150 965 3170 omn.
983 3141 1068 3169 libri.
1097 3140 1114 3168 2
1140 3150 1200 3169 om.
1227 3139 1286 3178 qni,
1313 3149 1373 3169 csse
1399 3143 1429 3169 et
1455 3148 1528 3168 cum.
1578 3138 1635 3177 22)
1662 3138 1785 3168 tacitam
1809 3137 1928 3169 antith.
1949 3135 1985 3166 C.

157 3198 215 3237 24)
243 3198 342 3228 animi
370 3197 405 3227 C.
432 3198 505 3227 libri
531 3198 646 3227 auimo.
696 3198 754 3236 25)
788 3197 963 3236 adimpleto
989 3205 1044 3226 suo
1070 3196 1204 3226 consilio
1230 3196 1266 3226 C.
