2283 3535
254 1043 291 1074 10

252 1410 291 1441 15

316 241 395 281 508
955 248 1060 280 Aca.
1086 249 1146 280 ΕΤ
1172 248 1338 279 PORPH.
1364 247 1513 279 COMM.

997 451 1294 506 EPODOS
1337 452 1465 506 XV.

1134 562 1323 606 AGRON.

427 669 522 710 Nox
543 676 642 709 erat.
701 665 911 707 Neaeram
932 664 1112 705 amicam
1133 679 1250 705 suam
1272 662 1524 717 adloquitur.
1584 661 1873 716 Periuriisque
1896 660 1984 702 eius
2006 674 2049 702 se
2070 661 2144 701 de-

315 748 481 796 ceptum
511 740 683 790 indicat,
716 739 828 794 quod
859 752 1044 780 amorem
1066 751 1186 778 suum
1207 736 1251 777 in
1272 735 1400 776 alium
1422 736 1713 786 transtulisset,
1746 749 1870 790 quem
1898 740 2026 790 negat
2046 747 2144 789 per-

314 822 485 870 petuum
515 815 712 855 futurum.

428 888 465 928 3.
496 889 538 928 in
575 887 699 928 uerba
734 888 759 927 τ’.
799 901 848 926 m.
925 883 1045 926 Sicut
1075 898 1154 940 ego
1195 882 1465 925 ostendebam
1498 882 1575 923 tibi
1605 882 1757 932 iurare,
1789 882 1847 923 ita
1877 881 2060 931 iurabas,
2107 889 2147 922 et

315 960 543 1002 secundum
573 959 718 1009 uerba,
751 973 857 1014 quae
887 958 1177 1014 proponebam
1208 956 1298 1006 tibi,
1330 955 1512 1005 iurabas,
1545 955 1674 996 artius
1696 962 1735 995 te
1756 955 1859 996 mihi
1881 955 2146 997 coniunctam

318 1034 407 1076 fore
440 1049 565 1089 quam
596 1033 682 1074 ilici
713 1033 925 1073 hederam.

429 1109 465 1149 5.
499 1109 643 1149 artius.
702 1106 978 1162 Diligentius.

429 1182 466 1223 6.
498 1182 625 1223 lentis.
690 1179 745 1237 [F
748 1178 1010 1236 lexibilibus]
1042 1176 1251 1219 mollibus.

431 1256 494 1295 11.
526 1270 547 1296 o
580 1255 656 1296 dol.
687 1269 738 1295 m.
769 1269 807 1295 η.
840 1268 880 1294 u.
912 1253 962 1295 Ν.
1023 1249 1149 1303 Quia,
1183 1250 1215 1292 si
1247 1250 1377 1290 iratus
1415 1249 1546 1299 fuero,
1594 1255 1890 1304 contempnam
1920 1256 1973 1300 te,
2012 1257 2052 1291 et
2082 1249 2147 1290 in-

319 1328 451 1382 cipies
482 1327 637 1369 dolere.

433 1403 497 1442 12.
529 1401 636 1444 Nam
667 1401 825 1457 siquid
856 1402 896 1441 in
929 1400 986 1441 FI.
1022 1399 1107 1440 uiri
1144 1406 1210 1439 est.
1268 1395 1320 1437 Id
1359 1403 1440 1438 est:
1487 1396 1521 1438 si
1561 1396 1662 1451 quid
1700 1396 1743 1438 in
1781 1411 1824 1439 se
1863 1397 1991 1439 habet
2026 1396 2149 1439 uirile

317 1474 536 1516 Horatius.

430 1612 591 1643 ACRON.
640 1611 671 1652 †)
696 1612 733 1641 In
752 1611 780 1641 A
799 1612 839 1640 ad
865 1612 950 1640 hunc
977 1611 1113 1648 epodum
1130 1609 1268 1639 Acronis
1295 1609 1417 1639 scholia
1442 1610 1568 1647 desunt,
1595 1619 1708 1639 manus
1733 1614 1840 1640 autem
1867 1610 2005 1640 secunda
2029 1609 2150 1648 aliqua,

318 1679 398 1708 quae
423 1679 581 1708 nusquam
607 1670 684 1699 alibi
711 1670 744 1698 in
769 1669 829 1697 hoc
853 1668 962 1697 codice
987 1668 1196 1705 conspicitur,
1221 1666 1334 1695 scholia
1358 1666 1579 1705 Porphyrionis
1602 1667 1732 1704 integra
1758 1667 1791 1696 in
1815 1667 1846 1696 h.
1874 1677 1902 1697 o.
1931 1667 2091 1697 exarauit.

433 1727 501 1756 Aut
526 1727 757 1764 inscriptiones
783 1735 822 1754 ex
848 1729 1037 1763 argumento
1062 1728 1117 1754 aut
1143 1727 1368 1762 argumentum
1395 1733 1436 1752 ex
1462 1723 1731 1761 inscriptionibus
1757 1724 1832 1762 peti⁷
1870 1725 2054 1763 exemplum
2085 1727 2151 1754 tes-

318 1787 419 1813 tatur.
467 1783 499 1812 K
525 1793 589 1813 non
614 1787 741 1812 tantum
769 1792 805 1811 ea
829 1783 974 1820 praebet,
1016 1791 1098 1820 quae
1124 1780 1266 1811 Orellius
1293 1789 1405 1818 parum
1430 1784 1578 1809 accurate
1606 1780 1798 1818 exscripsit:
1836 1780 1991 1811 Neaeram
2016 1781 2151 1810 amicam

317 1840 493 1878 alloquitur
520 1839 582 1878 (sic
607 1840 732 1877 potius:
762 1839 904 1868 Nearam
928 1848 990 1868 am.
1016 1847 1100 1867 suam
1127 1836 1210 1876 all.)⁷
1250 1837 1306 1866 sed
1341 1837 1439 1866 etiam
1477 1845 1557 1875 quae
1593 1838 1627 1866 in
1664 1837 1738 1867 aliis
1776 1841 1858 1867 uett.
1896 1837 1986 1867 codd.
2023 1836 2152 1866 Horatii

318 1897 473 1926 adiuncta
496 1897 665 1934 leguntur:
691 1896 850 1925 Neaeram
878 1894 1003 1933 (Ambr.
1030 1895 1162 1924 Neeram
1187 1893 1272 1923 AEP
1296 1891 1409 1932 Fran.)
1442 1894 1577 1923 amicam
1610 1903 1700 1923 suam
1733 1894 1906 1933 alloquitur
1936 1893 2151 1932 periuriisque

320 1954 386 1982 cius
426 1952 469 1990 (A
492 1952 601 1982 Ambr.
628 1952 722 1981 Fran.
749 1954 777 1981 ei
804 1952 841 1980 E.
868 1950 914 1981 ei9
940 1948 1058 1991 ΗΒΚ)
1089 1960 1122 1980 se
1148 1951 1318 1989 deceptum
1345 1950 1529 1988 (deceptam
1562 1949 1609 1990 K)
1639 1951 1761 1980 indicat
1800 1951 1946 1990 (KAEP.
1986 1950 2152 1988 significat

317 2010 426 2039 Ambr.
452 2009 577 2048 Fran)
604 2009 689 2047 quod
715 2018 806 2038 suum
832 2017 972 2037 amorem
1000 2007 1126 2050 (Ambr.
1152 2007 1249 2036 Fran.
1276 2005 1357 2036 serio
1382 2016 1485 2036 amore
1502 2007 1543 2036 K.
1561 2007 1641 2037 serio
1658 2017 1792 2037 amorem
1808 2007 1852 2047 A)
1870 2008 1903 2037 in
1920 2008 2020 2037 alium
2039 2007 2152 2046 (aliam

317 2066 444 2104 Ambr.)
471 2066 700 2095 transtulisset
725 2075 819 2104 quem
845 2068 940 2103 negat
967 2068 1157 2102 perpetuum
1183 2063 1336 2093 futurum.
1356 2063 1443 2093 KAE
1470 2063 1583 2093 Ambr.
1610 2064 1704 2094 Fran.
1733 2068 1763 2093 et
1788 2064 1813 2093 P
1839 2065 1894 2106 qui
1920 2074 1980 2094 om.
2008 2064 2092 2102 quod
2109 2081 2152 2084 —

318 2122 475 2152 futurum.
526 2122 612 2151 Huic
638 2122 841 2160 inscriptioni
870 2121 896 2150 E
925 2121 1070 2150 adnectit
1095 2121 1178 2150 hanc
1205 2121 1358 2150 alteram:
1398 2121 1428 2150 in
1455 2130 1599 2150 neaeram
1624 2122 1760 2150 amicam
1786 2131 1887 2151 suam.
1913 2121 2059 2151 senarius
2086 2121 2152 2158 epi—

318 2189 373 2209 cus
399 2179 545 2209 binarius
571 2179 730 2209 iambicus
757 2178 910 2216 epodicos.
937 2177 1032 2207 Fran.
1059 2178 1196 2209 hancce:
1223 2187 1289 2207 sen.
1318 2187 1364 2215 ep.
1390 2178 1458 2206 bin.
1487 2178 1583 2207 iamb.
1609 2178 1768 2216 epodicus.
1794 2177 1824 2207 A
1850 2178 1924 2208 Acr.
1951 2178 2066 2208 habet:
2099 2177 2153 2207 Ad

319 2245 441 2265 neeram
466 2236 502 2265 de
523 2235 661 2274 periurio
685 2235 844 2264 ternarius
870 2234 1003 2264 dicolos,
1028 2238 1163 2263 metrum
1191 2234 1286 2264 idem.
1312 2234 1427 2277 *szsz
1454 2233 1492 2263 In
1518 2243 1640 2264 neeram
1667 2235 1802 2264 amicam
1828 2244 1895 2264 sen.
1923 2244 1971 2273 ep.
2000 2234 2047 2273 (se
2071 2244 2101 2273 p.
2115 2235 2152 2274 b)

318 2293 383 2322 bin.
411 2293 507 2322 iamb.
536 2292 681 2329 epodicos
708 2291 876 2329 (epodicus
901 2292 948 2330 b).
974 2291 1026 2320 bH
1046 2292 1183 2329 insuper
1208 2291 1347 2320 habent:
1379 2291 1510 2329 querela
1536 2291 1575 2320 de
1605 2300 1703 2321 neera
1728 2291 1827 2331 (Nera
1851 2292 1898 2331 b).
1924 2291 2015 2320 Harl.
2042 2292 2079 2321 2:
2116 2291 2153 2321 In

320 2359 447 2379 neeram
473 2350 608 2378 amicam
635 2358 660 2378 s.
685 2348 717 2377 ’11.
742 2342 770 2376 E
795 2347 910 2386 (tern.)
949 2357 996 2386 ep.
1022 2349 1090 2379 bin.
1123 2348 1277 2377 iambicus
1311 2348 1350 2377 al.
1384 2347 1516 2386 querela
1547 2348 1586 2377 de
1618 2357 1726 2377 neera.
1759 2347 1855 2377 Bern.
1884 2346 1925 2377 C:
1957 2347 1994 2378 In
2026 2357 2151 2378 neeram

321 2406 490 2444 (Neaeram
519 2404 589 2443 Or.)
617 2405 761 2434 amicam.
788 2404 832 2434 R:
872 2404 943 2434 Ode
968 2404 1110 2434 CXVIII.
1137 2404 1177 2433 ad
1204 2413 1343 2433 neeram.
1392 2403 1426 2442 *)
1454 2404 1491 2434 In
1517 2404 1588 2434 edd.
1615 2414 1668 2433 mv
1694 2405 1950 2442 praemittuntur
1973 2408 2152 2435 commento

319 2463 455 2492 Acronis
482 2463 515 2491 in
541 2463 573 2491 h.
600 2472 626 2491 o.
654 2462 795 2500 quinque
820 2461 929 2499 priora
955 2461 1079 2491 scholia
1103 2460 1332 2500 Porphyrionis.

433 2519 466 2557 5)
494 2519 529 2547 In
555 2528 677 2548 neeram
703 2517 752 2555 (in
778 2527 878 2547 ceram
902 2517 938 2556 v)
970 2528 1049 2547 rmv.
1074 2517 1106 2546 in
1130 2527 1191 2547 om.
1220 2517 1336 2553 caffiQ.
1364 2518 1536 2547 Neaeream
1563 2527 1590 2547 a.
1620 2535 1658 2538 —
1685 2517 1831 2556 periuriis
1856 2518 1954 2548 tacite
1980 2518 2094 2548 inculc.
2114 2517 2152 2554 Q.

318 2585 426 2605 omnes
452 2576 527 2605 libri
552 2575 770 2613 periuriisque.
836 2573 871 2612 6)
898 2574 1060 2612 significat
1087 2574 1277 2609 rvmcath.
1305 2575 1357 2604 alt-1
1382 2585 1406 2603 r.
1432 2574 1527 2604 allum
1553 2584 1583 2604 v.
1609 2575 1640 2603 in
1674 2585 1734 2604 om.
1767 2585 1793 2604 a.
1829 2575 1862 2604 111
1893 2575 1992 2604 alium
2025 2585 2085 2605 om.
2118 2575 2152 2605 R.

319 2632 353 2670 9)
374 2632 599 2670 proponebam
625 2631 659 2659 R.
687 2630 798 2659 Ambr.
825 2631 895 2660 rell.
922 2640 1027 2668 praep.
1070 2648 1111 2652 —
1153 2630 1252 2660 artius
1279 2629 1381 2671 G(Q).
1407 2641 1459 2660 mv
1485 2630 1666 2671 (perperam
1693 2636 1767 2660 rctt.
1796 2631 1853 2669 Q).
1880 2632 1949 2662 rell.
1976 2632 2097 2661 arctius
2121 2631 2153 2660 in

317 2688 436 2718 scholio.
457 2697 544 2726 prop.
563 2689 623 2717 tibi
642 2687 678 2719 R.
698 2688 768 2717 rell.
795 2698 855 2717 om.
882 2689 954 2717 tibi.
1006 2687 1062 2726 10)
1091 2688 1156 2717 ilici
1183 2688 1296 2717 hedcre
1321 2688 1356 2717 R.
1384 2689 1416 2717 il.
1441 2688 1561 2717 hedera
1586 2698 1610 2717 r.
1636 2688 1669 2717 il.
1696 2688 1832 2717 haedera
1855 2698 1907 2717 mv
1933 2688 2053 2727 (illici).
2081 2688 2174 2730 rell.¹

320 2745 352 2773 11.
380 2745 539 2774 hederam.
607 2744 662 2783 ll)
688 2744 787 2773 artius
813 2754 896 2774 omn.
923 2744 988 2773 fere
1015 2748 1095 2773 uett.
1123 2744 1215 2773 codd.
1242 2743 1379 2773 Horatii.
1406 2745 1509 2774 arcius
1535 2745 1564 2773 b.
1591 2754 1671 2775 rece.
1697 2745 1825 2774 arctius.
1859 2745 1939 2774 haec
1964 2745 2007 2783 gl.
2033 2745 2154 2783 legitur

319 2801 416 2829 etiam
443 2801 474 2829 in
498 2810 515 2842 γ
540 2800 649 2829 Ambr.
669 2800 692 2829 (J
713 2804 772 2829 etc.
798 2810 828 2842 γ;
856 2799 962 2838 edera]
990 2800 1084 2830 artius
1110 2806 1142 2830 te
1169 2801 1248 2831 mihi
1275 2802 1477 2831 coniunctum
1496 2801 1570 2831 fore.
1591 2811 1685 2839 quam
1706 2802 1773 2831 ilex
1792 2801 1910 2831 hedera
1927 2801 2152 2840 adstringitur.

319 2856 401 2886 conf.
428 2856 470 2886 C:
507 2857 642 2886 strictius
667 2857 686 2886 i.
713 2867 741 2886 e.
774 2858 901 2886 iurabas
933 2861 964 2887 te
989 2859 1102 2887 arctius
1128 2859 1207 2887 mihi
1246 2858 1448 2888 coniunctam
1486 2858 1551 2887 fore
1588 2868 1617 2896 q.
1656 2859 1676 2887 i.
1714 2857 1805 2887 edera
1840 2858 2042 2896 astringitur.
2095 2857 2151 2896 12)

319 2913 460 2949 glossarii
484 2913 566 2942 hanc
593 2923 654 2942 om.
681 2912 911 2954 ·5R1G‚rmvca.
938 2913 1104 2944 Fabricius
1130 2914 1198 2953 (fh)
1226 2924 1305 2943 eam.
1343 2915 1461 2943 introd.
1501 2919 1531 2944 et
1558 2914 1585 2949 Q
1611 2915 1743 2952 recepit.
1770 2914 1786 2951 †
1812 2913 1943 2944 Codicis
1982 2915 2010 2944 2.
2048 2915 2153 2944 scriba

320 2968 443 2997 scholia
470 2970 501 2997 in
527 2970 611 2998 hunc
637 2971 773 3007 epodum
799 2971 920 3007 omisit,
948 2971 1041 3000 initio
1068 2972 1136 3000 eius
1162 2975 1288 3001 tantum
1314 2971 1420 3000 literis
1447 2972 1553 3000 rubris
1580 2971 1759 3009 adscripto:
1787 2971 1856 3000 Nox
1880 2974 1946 3000 erat
1963 2974 2022 3000 etc.
2048 2971 2153 3008 pergit.

320 3033 390 3053 cum
410 3033 440 3053 u.
461 3025 499 3052 34
528 3024 599 3054 XVI
627 3027 731 3063 epodi.
753 3036 836 3067 «γε
864 3026 930 3056 lent.
950 3027 1020 3056 adh.
1040 3027 1184 3057 brachiis.
1212 3028 1232 3056 i.
1258 3027 1343 3056 tuffis
1369 3026 1451 3064 (tum
1483 3025 1594 3065 scil.‘.>)
1622 3038 1692 3057 cum
1712 3028 1834 3056 iurares
1853 3028 1874 3056 i.
1894 3027 2052 3056 adherens
2071 3027 2151 3056 mihi

321 3090 391 3109 eras
417 3090 486 3110 cum
514 3081 633 3110 iurares
659 3083 812 3120 amplexu
837 3083 1039 3113 brachiorum
1056 3084 1155 3122 (cons.
1174 3084 1318 3122 Porph.).
1346 3084 1431 3113 lentis
1456 3088 1574 3113 autem.
1601 3083 1744 3113 mollibus.
1771 3087 1826 3113 ant
1844 3083 1884 3112 ad
1902 3083 2052 3113 hederam
2069 3083 2152 3113 refe-

319 3138 454 3168 rendum
481 3142 540 3168 est.
566 3143 599 3167 ut
628 3138 682 3176 (G.
710 3139 752 3175 11,
782 3140 854 3178 12):
881 3140 1010 3179 lenteque
1032 3141 1175 3180 yem‘slae.
1201 3140 1286 3170 cons.
1312 3140 1466 3170 Ribbeck.
1498 3140 1538 3170 C:
1564 3140 1708 3177 mollibus,
1735 3141 1849 3178 tardis,
1876 3141 1999 3170 diutius
2034 3141 2067 3170 in
2085 3150 2152 3170 am-

319 3195 418 3233 plexu
445 3195 664 3224 haerentibus
692 3195 866 3233 aliquando
892 3197 1053 3235 significat
1068 3197 1186 3235 flexile,
1212 3201 1246 3226 ut
1270 3197 1420 3236 lentaeque
1441 3197 1574 3237 yem'stae
1640 3197 1696 3236 15)
1722 3197 1754 3227 Si
1781 3197 1857 3236 quid
1884 3198 1982 3227 habet
2007 3197 2152 3227 horatius

321 3252 354 3281 111
381 3261 414 3281 se
440 3252 535 3281 uirile
560 3251 597 3281 R.
624 3252 651 3281 si
678 3252 755 3290 quid
782 3253 854 3282 hab.
883 3254 914 3282 in
940 3262 973 3282 se
1000 3253 1142 3291 Gratius,
1173 3264 1234 3284 om.
1263 3255 1356 3285 uirile
1383 3264 1406 3285 r.
