2283 3535
262 1010 300 1041 10

262 1376 301 1406 15

266 2466 308 2496 30

325 217 405 256 392
963 223 1069 256 Aen.
1094 224 1155 255 ET
1180 224 1347 255 rourfl.
1374 223 1522 256 COMM.

439 349 504 388 13.
536 348 585 388 R.
611 361 676 402 pr.
708 361 749 387 u.
781 346 818 387 d.
851 347 1007 388 suboles
1037 348 1061 387 τ’.
1095 361 1132 386 α.
1162 360 1202 386 u.
1226 361 1270 401 p.
1301 360 1352 386 m.
1391 346 1450 386 elz.
1524 343 1705 386 Suboles
1741 344 1948 398 principis
1987 343 2155 385 urbium

322 419 513 461 Nerones
544 419 634 460 uult
663 418 867 473 intellegi,
902 433 1006 474 quos
1035 418 1256 473 Augustus
1286 417 1507 473 priuignos
1538 417 1694 471 alioqui
1725 423 1769 457 ut
1801 431 1896 458 suos
1926 416 2018 458 loco
2046 416 2154 458 filio-

323 508 416 534 rum
448 491 666 547 diligebat.

439 566 502 606 16.
536 573 571 606 el
602 566 678 605 iam
709 565 745 605 d.
775 579 826 605 m.
857 579 907 604 m.
939 564 1093 604 z'mcido.
1167 562 1265 604 Hoc
1295 562 1486 618 intellegi
1516 562 1606 603 uult
1635 562 1687 603 de
1719 576 1775 612 se,
1822 561 1935 616 quod.
1964 561 2022 602 ait
2051 562 2156 603 Sal-

325 638 490 680 iustius:
528 638 669 679 Gloria
701 637 901 678 dimidiam
930 637 1073 676 uicisti.

444 712 508 751 17.
541 726 574 752 ο.
606 718 630 751 t.
662 725 698 750 a.
729 723 762 763 q.
794 718 837 748 st.
873 710 919 749 P.
951 718 973 748 t.
1050 705 1090 748 O
1135 706 1266 757 Pieri,
1313 721 1420 762 quae
1464 707 1630 748 dulcem
1675 707 1894 762 strepitum
1937 706 2158 748 testudinis

324 792 546 839 temperas.

439 858 504 896 24.
541 855 651 896 Rom.
683 854 826 909 fidicen
859 854 909 908 ly.
968 852 1020 893 Id
1050 859 1123 902 est,
1155 852 1312 907 lyricus
1343 860 1479 907 poeta.

438 929 504 968 24.
536 930 572 967 si
593 928 651 982 pl.
681 924 895 969 Ἐπιείκως
916 927 954 966 sz'
964 926 1109 981 placeo
1132 924 1284 974 intulit,
1317 931 1356 966 et
1379 924 1714 966 subaudiendum
1736 924 1995 967 extrinsecus
2016 932 2157 973 tamen,

326 1008 371 1041 ut
401 1000 472 1041 sit:
505 999 540 1041 si
571 1007 711 1040 tamen
742 998 901 1053 placeo.

961 1150 1280 1205 CARMEN
1320 1151 1418 1217 IV,
1460 1152 1506 1202 4.

1141 1259 1330 1304 ACRON.

447 1364 616 1414 Qualem
646 1377 696 1403 m.
758 1361 845 1418 [De
876 1360 1038 1417 Druso]
1071 1361 1176 1401 haee
1206 1360 1304 1410 ode,
1350 1366 1524 1415 propter
1555 1374 1680 1414 quam
1711 1365 1751 1400 et
1781 1366 1975 1414 quartum
2005 1360 2160 1402 librum

329 1444 473 1477 eontra
504 1435 822 1490 dispositionem
858 1434 968 1483 fecit,
1015 1433 1172 1488 scripta
1210 1440 1271 1474 est
1300 1433 1344 1473 in
1380 1432 1549 1473 laudem
1584 1431 1718 1473 Drusi
1754 1431 1936 1474 Neronis
1971 1433 2161 1489 priuigni

328 1508 513 1564 Augusti
545 1507 743 1550 Caesaris
787 1507 863 1548 filii
892 1506 1088 1556 Neronis,
1135 1521 1259 1560 quem
1303 1505 1356 1547 ob
1401 1505 1569 1561 insigne
1613 1505 1781 1546 uirtutis
1824 1505 1990 1560 aquilae
2036 1520 2158 1547 eom—

328 1582 508 1637 parauit.

444 1656 480 1695 1.
512 1655 655 1696 alitem.
716 1653 937 1708 Aquilam,
971 1668 1097 1707 quam
1129 1659 1169 1693 et
1199 1652 1391 1708 reginam
1422 1651 1565 1692 auium
1595 1651 1753 1701 uolunt,
1785 1658 1830 1692 ut
1860 1650 1935 1702 (A.
1965 1651 2020 1702 V,
2045 1653 2159 1706 255):

334 1727 586 1783 [Sublimem]
616 1728 782 1783 pedibus
814 1728 952 1782 rapuit
971 1727 1084 1767 Jom's
1106 1726 1284 1779 armz'yer
1305 1726 1442 1771 unas,-
1472 1725 1559 1766 ideo
1590 1731 1730 1766 autem
1759 1724 1912 1766 tutelae
1940 1723 2064 1767 Jouis
2095 1724 2160 1764 di-

330 1801 437 1842 citur
468 1801 679 1855 deputata,
728 1799 826 1854 quia
857 1813 1106 1854 prosperum
1138 1797 1373 1852 auspicium
1405 1797 1494 1838 eius
1525 1797 1749 1839 aduersum
1779 1797 1955 1839 Titanas
1984 1812 2161 1854 pugna—

330 1881 447 1915 turus
478 1872 653 1927 accepit.

443 1948 482 1986 4.
512 1946 634 2001 flauo.
693 1944 855 1986 Rubeo.

428 2019 483 2077 ·6.
514 2019 611 2059 m'clo
643 2018 721 2059 lab.
782 2016 832 2057 In
863 2016 1109 2071 metaphora
1144 2016 1310 2070 aquilae
1346 2016 1593 2070 perdurauit
1629 2016 1808 2059 dicendo
1839 2017 1933 2059 m'do
1975 2017 2162 2058 laborum

291 2102 303 2111 ⁷
333 2106 410 2147 pro
442 2090 604 2132 familia
634 2089 839 2131 nobilium
871 2096 911 2131 et
940 2089 1141 2130 uirtutum
1172 2089 1309 2130 domo.

446 2165 482 2204 7.
515 2165 720 2217 uerusque.
780 2162 840 2203 Ut
873 2161 948 2217 (G.
980 2161 1015 2212 Ι,
1047 2161 1172 2216 313):
1205 2163 1289 2202 ruit
1317 2162 1567 2216 zinbreferwn
1597 2177 1684 2204 uer.

445 2238 482 2278 8.
514 2236 632 2277 insol.
665 2236 701 2277 d.
732 2237 860 2276 nisus.
917 2234 1214 2276 Inconsuetum
1245 2234 1384 2276 nisum
1421 2234 1475 2274 ad
1506 2235 1666 2289 primos
1695 2234 1859 2277 uolatus
1889 2234 2056 2290 aquilae
2086 2233 2162 2275 ad-

332 2310 414 2350 huc
444 2323 584 2350 aerem
615 2315 655 2349 et
685 2316 831 2349 uentos
861 2307 1059 2349 timentis.

447 2383 485 2423 9.
516 2396 611 2423 'mox
641 2383 684 2422 in
715 2382 840 2422 ouilia
872 2382 909 2422 d.
989 2379 1168 2422 Solitam
1198 2379 1359 2421 uiribus
1390 2386 1427 2420 et
1459 2379 1601 2421 uolatu
1640 2379 1837 2422 continuo
1867 2379 1922 2421 ad
1958 2379 2161 2435 praedam

334 2454 519 2510 prodire,
550 2461 595 2495 ut
626 2451 699 2508 (A.
730 2452 814 2503 XI,
848 2453 969 2508 751):
1005 2454 1126 2506 fulua
1157 2453 1373 2494 draconem
1404 2454 1497 2494 Fert
1526 2454 1671 2508 aquila.

448 2528 514 2568 12.
547 2528 621 2581 eqe't
652 2541 687 2567 α.
719 2527 755 2566 d.
787 2542 823 2567 α.
852 2541 892 2581 p.
951 2525 1002 2566 In
1033 2540 1144 2581 agno
1174 2524 1336 2565 imbelli
1367 2526 1496 2581 dapis,
1528 2526 1572 2566 in
1603 2526 1786 2567 dracone
1809 2540 1986 2582 puynae.

449 2601 513 2641 13.
547 2599 758 2655 qualemue.
791 2600 815 2639 l.
847 2613 877 2639 e.
905 2614 946 2654 p.
1009 2597 1204 2649 Qualem,
1236 2597 1384 2652 inquit,
1416 2598 1579 2640 leonem
1611 2599 1774 2654 primae
1794 2598 1989 2640 iuuentae
2010 2611 2164 2653 caprea

334 2673 498 2722 timens,
530 2671 653 2712 talem
686 2670 875 2712 Drusum
905 2670 1044 2712 hostes
1075 2670 1282 2711 uiderunt.

452 2804 483 2842 l)
510 2804 610 2833 subol.
636 2802 678 2831 M.
728 2803 762 2840 2)
790 2812 937 2832 neronem
962 2802 1034 2831 MR.
1061 2802 1181 2840 alioqui
1200 2801 1242 2830 M.
1272 2806 1305 2831 ut
1331 2802 1485 2838 oni.1'liQ.
1535 2802 1575 2842 4)
1599 2803 1672 2833 Sall.
1697 2803 1741 2833 M.
1790 2803 1826 2842 ὃ)
1852 2803 1986 2833 tidieaen
2010 2802 2054 2832 M.
2106 2802 2162 2840 10)

336 2860 443 2897 epicos
469 2858 616 2894 MQG‚1=v.
643 2855 787 2893 extet-mm
813 2864 883 2895 post
909 2858 1041 2887 Ascens.
1068 2858 1142 2894 th.

449 2914 607 2945 ACRON.
657 2915 710 2943 Ad
736 2915 846 2943 urbem
873 2925 1033 2944 romanam
1059 2915 1100 2943 de
1127 2914 1229 2943 indoli
1253 2915 1368 2944 ducum
1394 2916 1643 2953 prosphonetico
1669 2915 1894 2944 encolniastice
1924 2914 2096 2944 tetracolos
2122 2913 2163 2950 A,

335 2976 370 3000 ut
396 2971 500 3000 ΚΕΒ-
527 2972 622 3000 Rern.
650 2971 682 3000 (J.
733 2971 784 3000 Ad
810 2981 839 2999 u.
865 2981 979 3000 romam
1005 2972 1041 3000 de
1068 2971 1173 3001 indole
1198 2981 1242 3008 pr.
1271 2981 1339 3000 eur.
1367 2976 1423 3000 tet.
1450 2980 1476 3012 γ.
1504 2972 1540 2999 In
1566 2971 1675 3000 ‹lurusi
1700 2972 1829 3000 neronis
1854 2971 2020 2999 uirtutem.
2047 2970 2086 2998 ad
2112 2978 2164 2998 ur-

335 3029 406 3057 bem
440 3037 603 3057 romanum
630 3028 658 3055 b.
718 3027 755 3056 In
779 3028 867 3056 drusi
894 3028 1020 3057 neronis
1046 3029 1202 3056 uirtutem
1230 3027 1323 3069 Dllzp.
1384 3027 1420 3055 In
1446 3027 1562 3056 laudem
1587 3027 1677 3056 drusi
1710 3027 1836 3055 neronis
1869 3026 1903 3055 Ρ.
1951 3025 2036 3054 Laus
2061 3034 2164 3054 neero-

339 3093 408 3112 nvm
434 3083 505 3111 Par.
525 3083 558 3112 C.

430 3140 486 3177 15)
512 3139 561 3167 De
587 3139 691 3169 Druso
719 3139 795 3174 th.
823 3140 890 3168 rell.
917 3149 975 3169 om.
1028 3141 1084 3178 19)
1110 3148 1219 3177 regem
1245 3140 1274 3168 2.
1326 3140 1383 3177 ⁴20)
1409 3139 1585 3169 Sublimem
1614 3137 1737 3178 1G(Q).
1765 3138 1833 3168 rell.
1861 3147 1921 3168 om.
1971 3138 2028 3177 24)
2053 3136 2163 3167 metas.

335 3194 372 3224 A.
423 3195 480 3234 ⁴25)
508 3195 607 3224 nobili
636 3196 664 3223 2.
715 3196 770 3233 2⁴5)
797 3196 861 3224 ruit
888 3205 947 3224 0111.
975 3195 1013 3224 A.
1065 3195 1121 3233 28)
1148 3195 1298 3225 timentes
1324 3194 1360 3223 R.
