2283 3535
727 220 925 253 CARMEN
952 218 1244 251 SAECVLARE.
1813 211 1894 250 439

75 345 241 388 deuotio
273 343 537 400 solueretur}
570 357 651 397 quo
683 342 885 392 dicerent,
918 341 1071 382 sentire
1101 339 1255 382 Jouem
1286 347 1383 382 uota
1414 348 1451 382 et
1483 342 1583 384 deos
1615 350 1784 384 cunctos
1806 344 1823 397 Η
1844 343 1897 383 acl

74 418 215 460 omnia
244 417 369 459 etiam
399 416 572 457 numina
602 414 887 470 precationem
919 414 1162 469 peruenisse
1185 416 1202 468 Η
1223 414 1387 456 auditos
1418 429 1459 455 se
1492 430 1565 470 spe
1597 423 1709 457 certa
1742 416 1897 456 donum

74 490 242 533 reuerti.

189 566 252 606 75.
289 565 438 606 Doctus
469 571 503 604 et
524 561 838 604 Phoebe?0k01·us
870 569 905 602 et
936 561 985 602 Ι).
1008 562 1046 602 d.
1079 561 1102 602 l.
1176 559 1273 602 Hac
1303 560 1397 616 ipsa
1428 574 1471 601 se
1503 560 1670 602 inbutos
1702 561 1900 602 carminis

74 638 371 680 uaticinatione
402 635 610 685 dicebant,
643 650 726 676 non
758 634 847 676 falli
878 634 920 674 in
953 634 1087 676 bonae
1119 634 1209 689 spei
1241 633 1531 689 promissione.

478 718 776 763 EXPLICIT
808 712 997 761 CARM.
1031 717 1360 761 SECVLARE
1393 717 1487 775 (A).

807 910 1160 955 PORPHYRION.

191 1005 261 1046 Ph.
293 1020 322 1045 s.
340 1019 380 1060 p.
402 1005 453 1046 D.
514 1003 611 1045 Hoc
641 1017 811 1044 carmen
841 1002 1055 1044 saeculare
1076 1001 1332 1043 inscribitur.
1396 999 1506 1042 Cum
1528 1001 1639 1042 enim
1668 1001 1903 1043 saeculares

75 1077 195 1119 ludos
225 1076 444 1131 Augustus
475 1076 719 1127 celebraret,
752 1076 979 1118 secundum
1010 1075 1135 1117 ritum
1167 1075 1333 1130 priscae
1364 1073 1584 1130 religionis
1615 1090 1639 1115 a
1666 1074 1905 1130 uirginibus

77 1151 302 1207 puerisque
333 1150 605 1205 praetextatis
636 1150 680 1191 in
713 1148 926 1205 Capitolio
958 1155 1170 1191 cantatum
1201 1155 1274 1190 est.

188 1227 225 1266 2.
258 1225 437 1266 lucidum
469 1241 501 1266 c.
533 1226 570 1266 (l.
631 1223 727 1266 Hoc
758 1223 812 1265 ad
843 1222 988 1264 ambos
1019 1222 1210 1272 refertur,
1243 1222 1297 1263 ad
1317 1220 1552 1272 Phoebum,
1591 1221 1690 1277 quia
1710 1221 1821 1262 idem
1845 1222 1905 1263 sol

76 1305 149 1349 est,
181 1307 221 1340 et
250 1297 450 1348 Dianam,
483 1298 582 1353 quia
612 1297 759 1339 eadem
790 1297 889 1338 luna
919 1303 993 1338 est.

189 1373 226 1414 3.
260 1372 346 1413 date
377 1386 410 1428 q.
435 1387 477 1428 p.
510 1379 622 1428 temp.
654 1385 782 1413 sacro.
841 1369 938 1411 Non
970 1378 1142 1425 {empore
1165 1370 1303 1425 prisco
1335 1368 1562 1410 dicendum
1583 1368 1674 1418 fuit,
1707 1367 1781 1409 sed
1802 1375 1906 1409 tem-

76 1460 192 1502 pore,
225 1460 306 1501 quo
337 1444 478 1500 prisca
509 1445 696 1499 (sacraP)
728 1443 956 1485 imitantur.

190 1522 226 1560 7.
259 1520 331 1561 dis.
364 1533 397 1574 q.
429 1535 459 1560 s.
483 1534 526 1575 p.
559 1533 590 1560 c.
649 1517 701 1559 Id
732 1524 814 1560 est:
848 1516 1000 1572 quibus
1030 1516 1167 1558 Roma
1198 1515 1370 1572 placuit,
1403 1530 1510 1571 quae
1541 1516 1585 1557 in
1607 1522 1768 1572 septem
1791 1515 1908 1557 colli-

76 1593 154 1636 bus
186 1592 410 1636 constituta
440 1599 514 1634 est.

190 1668 255 1709 10.
288 1667 342 1717 al,
374 1682 404 1708 e.
434 1667 460 1708 τ’.
493 1681 530 1708 n.
592 1664 858 1719 Κακόξηλον;
890 1679 989 1705 nam
1020 1662 1230 1719 quomodo
1261 1668 1397 1718 potest
1430 1663 1523 1718 quis
1555 1670 1593 1705 et
1615 1663 1727 1705 idem
1749 1677 1839 1705 esse
1871 1669 1910 1704 et

78 1740 209 1782 alius?
268 1739 448 1781 Videtur
477 1739 532 1780 ad
561 1739 667 1780 illud
696 1737 918 1788 rettulisse,
952 1737 1064 1792 quod
1095 1737 1208 1778 idem
1240 1736 1411 1792 quidem
1442 1737 1503 1779 sol
1535 1752 1701 1794 semper
1732 1737 1797 1788 sit,
1837 1737 1910 1778 sed
1936 1752 1943 1761 ⁴

79 1829 287 1856 renouans
318 1813 430 1855 diem
461 1812 569 1855 alius
601 1827 690 1855 esse
721 1812 926 1853 uideatur.

193 1889 258 1929 11.
283 1888 418 1944 possis
449 1902 488 1929 η.
525 1902 565 1929 u.
603 1887 652 1928 R.
682 1902 722 1928 u.
761 1902 812 1927 m.
885 1884 942 1926 Et
978 1883 1048 1925 hic
1085 1898 1136 1925 ex
1174 1883 1391 1939 superiore
1432 1883 1768 1926 subaudiendum
1800 1900 1910 1941 pre—

83 1976 241 2004 camur.

192 2035 257 2077 13.
289 2036 361 2077 rite
391 2049 441 2075 m.
473 2049 509 2077 a.
532 2050 577 2090 p.
609 2035 633 2074 l.
694 2035 813 2076 Lenis
845 2033 1002 2089 aperire
1030 2040 1177 2088 partus
1208 2046 1306 2086 pro:
1339 2031 1476 2073 facilis
1498 2046 1547 2073 ac
1564 2031 1748 2087 propitia
1769 2031 1909 2086 aperi-

78 2107 203 2150 undis
238 2107 454 2163 partubus.
529 2105 729 2149 Ostendit
764 2112 922 2156 autem,
970 2105 1148 2147 eandem
1185 2103 1396 2147 Lucinam
1443 2111 1484 2146 et
1525 2104 1753 2160 genitalem
1789 2105 1912 2146 deam
1963 2117 1975 2124 ⁷

80 2180 308 2237 appellari.

81 2329 190 2358 preces
217 2324 248 2350 et
271 2325 346 2351 uota
372 2320 581 2350 exaudiuisse
608 2324 638 2350 et
663 2323 785 2350 ceteros
811 2319 898 2357 deos,
923 2327 1010 2357 seque
1034 2327 1090 2356 spe
1115 2321 1201 2347 certa
1227 2317 1354 2347 domum
1379 2318 1492 2346 euerti.
1541 2317 1628 2347 Hinc
1647 2317 1691 2353 Q:
1719 2318 1804 2347 Finis
1827 2317 1910 2348 sacri

81 2376 225 2406 carminis
250 2376 323 2406 haec
347 2376 472 2406 habebat
494 2381 523 2406 et
545 2378 576 2406 in
609 2378 688 2406 haec
719 2377 818 2406 uerba
849 2393 889 2397 —
922 2374 1176 2418 reuerti.“'B<p·.
1205 2373 1315 2413 phoebi
1344 2372 1469 2413 chorus]
1505 2374 1591 2404 Ordo
1624 2379 1673 2404 est
1707 2384 1765 2412 ego
1799 2375 1915 2404 chorus

82 2434 195 2464 doetus
220 2434 324 2463 dicere
349 2434 462 2464 laudes
486 2434 605 2472 phoebi
632 2438 663 2464 et
689 2434 804 2463 dianae
829 2436 957 2471 reporto
982 2432 1024 2461 ad
1048 2432 1177 2462 domum
1204 2440 1290 2469 spem
1315 2431 1432 2461 bonam
1460 2435 1490 2460 et
1516 2434 1644 2460 certam.
1681 2432 1801 2460 sentire
1827 2432 1916 2460 uide-

81 2492 160 2521 licet
185 2492 289 2521 iouem
322 2494 352 2521 et
388 2494 519 2521 cunctos
557 2492 631 2521 deos
668 2492 748 2521 haec
781 2492 801 2520 i.
834 2490 1007 2520 exauditos
1040 2498 1097 2520 nos
1130 2497 1209 2518 esse.
1241 2487 1312 2517 Vet.
1344 2487 1455 2517 Ambr.
1486 2491 1518 2517 et
1547 2497 1580 2529 γε
1611 2486 1700 2527 haec]
1737 2497 1813 2526 qaec
1845 2497 1915 2525 pre-

83 2550 175 2577 catus
201 2557 279 2579 sum.

195 2604 233 2643 4)
260 2604 365 2635 Schol.
392 2614 434 2634 ex
458 2605 569 2642 M‚mv.
596 2605 667 2634 rell.
693 2614 752 2634 om.
801 2605 877 2634 imb.
902 2614 943 2634 m.

194 2660 349 2691 PORPH.
397 2661 556 2700 Pomponi
581 2661 764 2700 (Pomponii
786 2660 913 2699 Halm.)
946 2659 1144 2700 porfyrionis
1178 2662 1394 2689 commentum
1432 2657 1694 2697 (commentarius
1724 2657 1847 2696 Halm.)
1883 2658 1916 2686 in

82 2718 243 2749 horatium
268 2719 307 2748 de
332 2722 402 2748 arte
426 2719 555 2757 poetica
580 2719 727 2758 explicit.
753 2719 875 2757 Incipit
899 2727 1027 2747 carmen
1054 2717 1218 2747 saeculare
1243 2715 1393 2745 feliciter.
1423 2715 1467 2744 M.
1501 2714 1582 2745 conf.
1609 2714 1636 2750 Q
1660 2724 1690 2752 p.
1715 2713 1816 2743 XXX.
1864 2713 1917 2742 In-

83 2775 164 2813 cipit
189 2784 318 2805 carmen
344 2776 506 2806 saeculare
530 2775 566 2805 R.
592 2775 824 2815 Porphyrionis
850 2773 1014 2812 (Porphir.
1041 2773 1071 2811 r)
1098 2772 1297 2811 Explanatio
1323 2772 1355 2801 in
1387 2771 1533 2801 Seculari
1567 2770 1718 2801 Carmine
1752 2771 1870 2808 incipit
1902 2780 1918 2799 r

85 2831 191 2870 (expl.
219 2833 252 2861 in
277 2841 339 2861 sec.
366 2841 412 2861 ca.
437 2832 474 2870 v)
500 2842 531 2861 v.

198 2888 254 2927 12)
281 2889 495 2927 praetextatis
519 2887 704 2930 MAQvaC.
737 2887 926 2927 praetexatis
950 2887 1014 2925 R‚r.
1040 2885 1216 2925 praetextis
1240 2886 1288 2915 fh.
1355 2885 1411 2923 13)
1438 2884 1560 2923 quando
1590 2884 1698 2914 rvafh.
1731 2884 1799 2913 rell.
1833 2884 1916 2922 quia.

86 2944 144 2984 15)
170 2949 212 2974 est
233 2945 336 2976 rvafh.
399 2946 455 2984 16)
482 2946 624 2975 imitatur
648 2944 801 2982 MR2G‚r.
826 2945 897 2976 rell.
923 2945 1101 2974 imitantur.
1127 2943 1234 2981 prisca
1260 2940 1373 2973 sacra?
1401 2942 1576 2971 secundum
1602 2942 1700 2971 ritum
1726 2941 1852 2978 priscae
1870 2950 1918 2970 re-

84 3000 229 3039 ligionis.
255 3010 289 3043 7:
314 3005 399 3041 temp.
424 3000 528 3040 sacro]
556 3001 711 3031 trinoctio
736 3002 812 3040 quia
836 3006 901 3032 tres
927 3001 996 3031 dies
1024 3004 1055 3030 et
1080 3003 1189 3030 noctes
1216 3000 1462 3029 celebrabantur
1487 2999 1544 3028 isti
1563 2998 1642 3027 ludi.
1661 3002 1717 3028 aut
1735 3001 1844 3035 tempus
1868 3006 1917 3026 sa-

85 3067 170 3086 crum
194 3058 282 3088 dixit
307 3068 368 3097 quo
392 3058 462 3088 ludi
488 3059 700 3088 celebrantur.
726 3059 747 3087 i.
774 3058 834 3088 hoc
859 3061 987 3096 tempus
1012 3061 1049 3086 ut
1073 3066 1130 3095 per
1156 3065 1288 3086 censum
1313 3059 1344 3085 et
1369 3056 1480 3084 decem
1497 3064 1596 3084 annos
1613 3055 1682 3084 ludi
1702 3055 1759 3084 isti
1777 3054 1919 3083 celebra-

86 3117 209 3143 rentur.
235 3114 363 3152 glossa:
388 3116 476 3145 ludis
503 3115 712 3144 secularibus,
731 3114 800 3158 Βφι
825 3124 924 3144 sacro.
952 3113 1113 3144 sacrificii.
1141 3112 1296 3143 Ostendit
1322 3112 1398 3150 quia
1423 3115 1579 3150 augustus
1606 3112 1645 3140 ad
1672 3109 1918 3141 sacrificandum

87 3169 220 3207 apollini
247 3173 278 3199 et
305 3170 421 3200 dianae
446 3171 648 3201 ascenderat.
716 3171 771 3210 19)
797 3166 969 3207 κακοζιλον
993 3180 1018 3201 r.
1079 3168 1134 3210 22)
1159 3169 1203 3199 Et
1226 3168 1280 3198 hic
1305 3177 1340 3197 ex
1364 3167 1546 3206 MR‚rvafh.
1572 3167 1616 3198 Et
1640 3169 1694 3198 hie
1719 3172 1746 3197 et
1768 3167 1799 3195 ²¹⁷2
1825 3164 1917 3200 2GQ-

87 3224 216 3254 subaud.
242 3225 310 3263 M2,
334 3226 403 3256 rell.
429 3227 636 3258 audiendum.

1932 1012 1970 1043 10

1934 1381 1974 1411 15
