2283 3535
276 1025 317 1059 10

272 1395 312 1428 15

349 223 431 263 510
985 236 1091 269 ACR.
1118 237 1178 268 ET
1203 236 1371 269 PoRPH.
1399 237 1547 269 coMM.

461 359 496 398 7.
530 358 625 399 dum
647 373 690 413 p.
723 359 748 399 l.
780 374 810 400 e.
841 374 881 400 n.
910 361 935 401 i.
970 360 1017 402 Ο.
1076 359 1191 402 Huic
1222 360 1358 402 simile
1389 367 1468 402 est:
1511 361 1586 413 (A,
1617 361 1651 412 I,
1692 362 1813 416 607):
1864 362 1909 403 ln
1939 362 2046 416 freta
2077 363 2174 405 dum

341 432 465 486 fluuii
478 440 651 480 current,
671 432 765 473 (lum
781 434 978 475 montibus
990 434 1154 475 umbrae
1168 434 1426 484 Lustrabzmt‚
1446 450 1629 477 connexa
1638 436 1759 492 polus
1776 436 1872 476 dum
1887 436 2018 477 sidera
2021 445 2172 492 pascet.

460 506 523 545 12.
556 520 650 546 nam
679 507 809 561 siquid
839 512 863 547 i.
887 507 947 547 Fl.
980 522 1019 548 u.
1051 523 1082 547 e.
1140 506 1191 547 Id
1222 514 1301 548 est:
1334 506 1368 548 si
1400 507 1501 562 quid
1531 508 1653 549 uirile
1675 508 1855 549 Flaccus
1885 508 1929 549 in
1961 522 2004 549 se
2034 508 2173 553 habet.

459 580 522 619 13.
553 593 634 621 non
662 581 692 634 s.
726 581 811 622 ads.
840 596 880 636 p.
911 590 934 621 1.
964 580 1002 621 d.
1032 594 1071 621 n.
1130 580 1289 621 Potz'orz'
1315 595 1398 622 non
1429 595 1480 621 ex
1517 596 1592 623 sua
1622 596 1804 636 persona
1833 581 2013 623 Flaccus
2044 581 2171 632 dixit3

346 666 482 707 neque
514 652 627 694 enim
656 653 832 695 riualem
863 653 944 695 sibi
975 668 1095 694 suum
1126 654 1323 708 praefert,
1355 654 1428 695 sed
1459 654 1530 709 qui
1561 655 1675 709 apud
1705 662 1743 696 te
1775 654 1912 709 potior
1941 661 2014 696 est.

459 727 522 768 15.
553 741 625 768 nec
655 727 774 769 semel
803 728 867 783 off.
900 728 1012 768 cedet
1042 735 1164 769 const.
1190 727 1358 781 formae.
1419 726 1516 779 Qua
1547 727 1675 768 semel
1707 728 1866 769 offensa
1897 735 1959 769 est
1970 743 1980 776 3
2013 727 2057 769 id
2082 729 2171 771 est:

341 814 419 841 nec
448 799 642 841 uincetur
672 800 906 841 constantia
937 814 1030 841 mea
1061 815 1085 840 a
1114 806 1185 841 tua
1214 800 1361 850 forma,
1394 814 1476 855 quo
1506 800 1645 842 minus
1675 800 1792 841 illam
1824 807 2094 857 contempnat
2123 817 2174 845 ac

342 873 572 928 relinquat:
607 872 682 930 [si]
715 873 1056 929 indignationem
1086 879 1243 915 certam
1274 874 1408 927 (certa
1437 873 1622 930 mente‘?)
1654 888 1900 930 concepero.

458 948 524 988 17.
556 957 588 988 ec
618 955 662 988 tu
693 962 726 1003 q.
757 964 787 989 e.
817 949 847 1002 s.
907 946 980 989 Ad
1012 947 1189 989 riualem
1219 947 1300 989 hoc
1330 946 1444 988 dicit.

458 1022 521 1062 18.
552 1036 585 1061 a.
617 1036 668 1062 m.
699 1036 737 1062 n.
770 1022 967 1078 superbus
996 1023 1021 1063 i.
1052 1036 1102 1062 m.
1161 1020 1213 1061 Id
1243 1027 1316 1071 est,
1348 1019 1425 1061 tibi
1456 1019 1628 1075 placens
1659 1035 1708 1062 ac
1739 1020 1961 1076 gloriosus.

455 1094 518 1135 19.
557 1097 611 1135 sis
642 1110 683 1152 p.
722 1110 751 1136 e.
789 1109 840 1137 m.
883 1095 920 1136 d.
963 1103 987 1136 t.
1028 1095 1052 1136 l.
1130 1093 1274 1135 Etiam
1317 1093 1477 1134 diuitiis
1521 1093 1623 1134 felix
1667 1093 1723 1135 sis
1769 1102 1937 1149 praeter
1982 1110 2171 1138 amorem

339 1166 541 1210 Neaerae.

453 1242 517 1283 20.
550 1243 651 1299 ίίόίᾳ.
684 1244 869 1285 Pactolus
897 1243 937 1299 sl.
1011 1241 1062 1283 Id
1114 1248 1193 1283 est:
1240 1240 1429 1283 abundes
1473 1256 1588 1291 auro,
1636 1241 1735 1296 quia
1778 1240 1977 1285 Pactolus
2021 1243 2172 1285 fluuius

339 1330 487 1357 aurum
518 1316 627 1358 ferre
658 1316 825 1358 dicitur.

452 1392 518 1432 21.
549 1405 620 1432 nec
652 1399 685 1432 {e
718 1391 970 1446 Pythaqorae
997 1390 1088 1444 soll.
1109 1403 1262 1431 arcana
1284 1389 1418 1430 renati.
1479 1387 1530 1428 Id
1561 1395 1640 1429 est:
1678 1388 1774 1429 licet
1807 1389 2075 1432 doctissimus
2105 1390 2170 1432 sit.

340 1463 484 1518 Quare
515 1470 651 1506 autem
672 1473 839 1506 renatus
863 1464 1113 1521 Pythaqoras
1144 1464 1313 1512 dicatur.
1346 1468 1489 1503 notum
1521 1469 1594 1512 est,
1627 1469 1666 1504 et
1698 1477 1825 1519 supra
1857 1461 1930 1518 (C.
1949 1463 1982 1514 I,
2007 1465 2073 1514 28,
2098 1463 2170 1519 10)

340 1538 533 1581 diximus.

337 1662 412 1690 ratii
437 1662 560 1691 habent
586 1660 618 1691 C.
647 1661 672 1690 Ι.
699 1662 728 1699 8,
759 1663 808 1690 11.
834 1661 892 1700 (ex
909 1661 940 1690 K
958 1670 1020 1691 non
1046 1661 1155 1691 notaui
1183 1660 1341 1697 bracchia,
1368 1668 1470 1698 neque
1498 1658 1565 1696 Or.‚
1592 1659 1739 1688 bracchia
1757 1659 1872 1689 Ritter.
1892 1658 2004 1688 baccho
2021 1657 2170 1697 Miiller.)

340 1718 391 1754 13,
418 1719 447 1747 3.
484 1717 526 1753 ΙΙ,
553 1718 584 1754 4,
613 1717 665 1746 21.
695 1718 745 1755 12,
776 1718 824 1747 18.
862 1717 918 1754 ΙΙΙ,
946 1718 976 1755 5,
1004 1718 1055 1747 22.
1084 1717 1112 1753 9,
1147 1717 1175 1746 2.
1213 1715 1244 1746 S.
1270 1716 1295 1754 Ι,
1324 1716 1354 1753 2,
1388 1716 1427 1745 92
1453 1715 1582 1745 brachia
1608 1720 1638 1745 et
1663 1719 1773 1746 nostro
1800 1716 1866 1745 loco
1892 1715 2035 1752 brachiis,
2070 1719 2105 1745 ut
2133 1713 2169 1743 C.

335 1773 391 1810 ΙΙΙ,
419 1774 450 1811 4,
477 1774 529 1804 50.
556 1773 662 1804 Semel
686 1778 810 1804 tantum
838 1784 878 1804 ex
904 1774 976 1803 Par.
1003 1774 1043 1804 D.
1079 1774 1120 1803 ad
1151 1772 1208 1809 III,
1243 1774 1273 1810 9,
1309 1773 1326 1802 2
1359 1772 1469 1802 notaui
1501 1772 1648 1802 bracchia
1674 1773 1835 1810 geminata
1860 1781 1886 1808 c,
1913 1781 2007 1810 quam
2033 1773 2067 1801 in
2091 1771 2170 1801 Ver-

335 1831 412 1868 gilio
436 1830 601 1860 Mediceus
625 1831 743 1869 ubique
767 1830 833 1860 fere
859 1835 966 1861 tuetur
992 1831 1136 1869 exceptis
1162 1830 1240 1860 locis
1264 1830 1301 1861 A.
1320 1830 1375 1867 IX,
1396 1830 1459 1859 623
1478 1833 1509 1859 et
1528 1828 1565 1859 G.
1583 1830 1608 1866 Ι,
1630 1830 1704 1865 202,
1730 1829 1784 1859 ubi
1812 1828 1892 1866 (non
1918 1838 1968 1867 ap.
1995 1828 2169 1867 Ribbeck.)

335 1888 437 1917 altera
463 1897 478 1917 c
504 1890 625 1926 puncto
650 1891 793 1917 notatur.
820 1887 904 1917 conf.
930 1887 1083 1926 Wagner.
1110 1897 1140 1925 p.
1168 1888 1244 1916 419.

448 1943 482 1982 2)
510 1945 694 1974 lustrabunt
720 1948 779 1974 etc.
808 1945 836 1974 2.
865 1961 904 1965 —
932 1945 1084 1974 similiter
1109 1943 1183 1972 Acr.
1233 1943 1268 1981 3)
1294 1943 1318 1971 si
1344 1943 1421 1980 quid
1447 1942 1481 1971 M
1509 1942 1559 1971 bis
1585 1941 1657 1971 Par.
1683 1940 1864 1978 AR2‚1-vfh.
1890 1942 1993 1980 siquid
2019 1951 2037 1971 a
2061 1942 2122 1971 bis.
2142 1941 2170 1977 Q

333 2000 365 2029 in
392 2001 496 2030 lemm.
522 2000 633 2039 siquid,
660 2002 694 2030 in
721 2001 819 2031 schol.
845 2000 872 2030 si
895 2001 985 2039 quid.
1035 2001 1069 2039 4)
1095 2000 1198 2030 aclsid.
1217 2000 1260 2029 M.
1281 1999 1363 2029 conf.
1381 1998 1454 2028 Aer.
1506 2000 1541 2038 5)
1569 2008 1659 2028 suum
1678 1999 1744 2027 sibi
1765 1998 1794 2028 2.
1846 1998 1880 2037 6)
1908 1998 1976 2034 Qua
1994 1998 2028 2027 M
2045 1997 2168 2037 (Halm.

332 2058 505 2095 adscripsit
530 2067 614 2096 quae.
641 2067 720 2096 quae
744 2066 809 2095 par.
836 2057 882 2095 A)
912 2057 1007 2087 Bern.
1035 2055 1177 2094 ,A’R2G.
1205 2055 1348 2095 quoniam
1371 2065 1409 2084 vr
1432 2055 1516 2094 (qffi)
1544 2055 1595 2085 fh.
1622 2054 1746 2093 quando
1771 2064 1798 2083 a.
1826 2054 1899 2093 qm'a
1923 2055 1961 2090 Q.
1988 2059 2074 2084 recte
2098 2064 2167 2093 qua.

333 2114 413 2143 conf.
441 2112 506 2144 Cic.
533 2115 573 2143 ad
598 2114 674 2144 Diu.
701 2114 726 2151 Ι,
754 2115 783 2143 9.
820 2113 898 2143 Hor.
926 2113 963 2143 E.
989 2114 1014 2150 I,
1042 2115 1071 2151 8,
1100 2115 1129 2143 9.
1156 2123 1176 2143 a
1200 2123 1261 2152 qua
1285 2123 1302 2154 γ
1325 2113 1377 2151 qui
1402 2113 1519 2142 habet:
1559 2113 1650 2142 cedet.
1677 2111 1868 2142 Constantia
1900 2113 2054 2142 amatoris
2088 2110 2171 2140 cedit

333 2170 454 2200 formae
478 2171 621 2200 mulieris
647 2171 775 2208 quando
801 2170 889 2200 lesus
916 2179 977 2199 non
1005 2170 1103 2199 audet
1129 2170 1318 2200 abscedere:
1345 2170 1405 2198 hoc
1431 2172 1489 2199 est·
1516 2169 1591 2199 dicit
1614 2168 1707 2208 (quod
1731 2168 1814 2198 discit
1829 2166 1932 2210 Aen).
1960 2168 1986 2197 si
2002 2176 2168 2205 --passus

333 2226 454 2266 (Aer)
483 2225 578 2256 Cedet.
605 2227 690 2266 quod
715 2227 797 2256 solet
823 2227 936 2256 cadere
961 2227 992 2256 in
1017 2230 1172 2256 amantes.
1199 2236 1270 2255 nam
1296 2229 1368 2264 post
1396 2226 1486 2255 litem
1512 2230 1543 2255 et
1569 2225 1770 2255 iracundiam
1797 2225 1902 2254 solent
1920 2228 2046 2254 amatos
2065 2224 2168 2254 denuo

332 2283 495 2321 suplieare.
544 2283 606 2313 Est
632 2287 739 2313 autem
764 2292 888 2315 sensus.
915 2293 979 2312 non
1004 2284 1096 2313 cedet
1121 2283 1303 2313 constantia
1329 2281 1449 2311 formae
1474 2292 1493 2311 a
1517 2292 1576 2320 qua
1601 2282 1698 2311 semel
1725 2281 1848 2311 offensa
1875 2285 1935 2311 est.
1962 2282 2023 2311 hoc
2040 2284 2168 2310 estnon

331 2340 477 2370 uincetur
502 2341 687 2370 constantia
711 2350 781 2370 mea
805 2344 861 2370 tua
887 2339 987 2370 forma
1015 2349 1076 2378 quo
1101 2339 1205 2368 minus
1231 2348 1295 2368 eam
1320 2342 1517 2376 contempnat
1553 2342 1637 2367 certa
1672 2342 1765 2367 mente
1802 2337 1895 2376 (cert.
1935 2338 2059 2366 animus
2097 2335 2166 2366 Cic.

332 2395 444 2431 Quint.
471 2396 529 2436 24)
555 2406 738 2435 concepero.
766 2397 847 2427 conf.
867 2395 891 2426 C
917 2397 971 2435 qui
996 2396 1094 2425 habet
1118 2405 1137 2425 a
1161 2405 1220 2435 qua
1245 2396 1343 2425 semel
1369 2399 1411 2424 esc
1433 2396 1556 2434 offensa.
1583 2395 1670 2424 Idem
1687 2395 1784 2424 habet
1817 2394 1961 2424 scholion
1993 2394 2077 2432 quod
2111 2402 2168 2423 ex-

330 2453 432 2483 scribo
458 2462 500 2482 ex
523 2463 541 2496 ⁴(
566 2455 714 2492 adposita
738 2454 885 2484 lectionis
911 2454 1072 2483 uarietate
1098 2453 1130 2482 in
1157 2452 1193 2482 C.
1230 2452 1327 2482 Semel
1349 2452 1487 2490 offensae.
1515 2451 1634 2489 (forma
1651 2451 1776 2481 offensa
1802 2450 1842 2490 C)
1869 2461 1925 2488 pro
1944 2459 1980 2480 ea
1996 2458 2071 2489 quae
2089 2448 2167 2487 (qua

330 2509 372 2547 C)
399 2509 520 2539 dictum
545 2511 722 2548 passiuum.
750 2509 842 2549 (voce
868 2509 995 2548 quidem
1022 2510 1185 2547 passiuum
1225 2512 1284 2546 est,
1322 2508 1457 2546 offensa,
1496 2508 1551 2537 sed
1592 2508 1831 2545 significatione
1867 2507 2007 2537 actiuuin
2041 2505 2080 2545 C)
2118 2506 2167 2535 in-

328 2567 461 2596 tellectu
487 2568 630 2596 actiuum
657 2571 704 2597 est
730 2567 749 2595 i.
776 2566 916 2596 offensus
941 2566 1030 2596 fuero
1057 2575 1118 2594 non
1143 2566 1255 2594 cedam
1281 2569 1357 2594 tuae
1383 2565 1503 2595 formae
1530 2565 1549 2593 i.
1576 2574 1638 2593 non
1665 2565 1724 2593 tibi
1744 2565 1894 2594 seruiam.
1913 2563 1983 2606 sz:
2009 2572 2063 2592 nec
2079 2561 2169 2592 semel

328 2623 377 2661 off.
405 2624 424 2651 i.
452 2632 518 2652 cum
542 2623 639 2653 semel
660 2632 721 2661 pro
745 2626 824 2652 certo
847 2622 946 2652 iratus
959 2621 1058 2660 fecero
1083 2622 1236 2652 offensae.
1264 2621 1384 2650 formae
1410 2626 1486 2651 tuae
1516 2630 1578 2651 non
1612 2621 1729 2649 iterum
1761 2620 1904 2658 frangar.
1939 2629 2041 2658 neque
2075 2619 2167 2649 cedet

329 2679 386 2709 tibi
411 2679 550 2716 amplius
575 2680 761 2709 constantia
785 2687 853 2708 mea
879 2683 913 2708 ut
939 2682 971 2708 te
997 2687 1113 2708 amem.
1139 2679 1165 2707 si
1193 2682 1394 2707 tantumuna
1412 2679 1481 2707 uice
1499 2687 1550 2707 me
1567 2676 1722 2707 offendas.
1749 2677 1839 2706 cedet.
1865 2677 1994 2706 recedet
2010 2676 2167 2705 fortitudo

328 2744 409 2763 mea.
477 2735 510 2773 7)
537 2744 595 2764 non
620 2736 799 2764 uinceretur
825 2735 869 2765 fh.
895 2744 949 2765 nec
974 2736 1156 2764 uinceretur
1182 2735 1210 2763 2.
1236 2743 1294 2763 non
1318 2735 1459 2763 uincetur
1484 2743 1511 2763 a.
1538 2735 1608 2764 rell.
1634 2742 1687 2763 uec
1715 2735 1871 2763 uincetur.
1904 2751 1943 2754 —
1972 2742 2043 2762 mea
2067 2742 2086 2761 a
2111 2736 2166 2762 tua

328 2789 430 2819 forma
455 2801 516 2820 om.
544 2790 614 2820 Par.
642 2790 681 2820 A.
703 2809 729 2811 —
757 2795 963 2829 contempnat
982 2790 1043 2831 Μγ.
1064 2794 1244 2820 contemnat
1270 2790 1340 2819 Par.
1367 2790 1396 2819 A
1423 2795 1481 2820 etc.
1507 2800 1543 2820 ac
1569 2791 1601 2819 M
1627 2790 1698 2820 Par.
1716 2788 1869 2829 A(G‘.>Q).
1897 2790 1965 2819 rell.
1991 2793 2026 2818 et.
2076 2786 2112 2828 8)
2138 2789 2164 2818 si

328 2846 426 2875 ashC.
452 2846 484 2875 M
520 2846 590 2875 Par.
628 2846 723 2883 AR‚r.
749 2845 816 2875 uim
842 2856 870 2876 v.
897 2856 962 2875 cum
987 2845 1091 2884 G(Q).
1118 2845 1348 2885 z'ndz'fflzacionem
1373 2849 1491 2875 certam
1518 2856 1578 2876 om.
1604 2857 1630 2889 γ.
1659 2847 1784 2885 indign.
1820 2851 1928 2876 contra
1959 2849 1984 2875 te
2009 2854 2097 2875 cone.
2126 2844 2162 2875 C.

331 2902 387 2939 11)
414 2901 526 2930 diulius
551 2901 585 2930 M
609 2902 732 2939 (Halm.
760 2911 823 2931 non
851 2902 888 2937 Q.
916 2903 936 2930 1.
962 2902 1000 2940 l.)
1029 2902 1064 2931 R.
1092 2903 1159 2931 rell.
1186 2901 1309 2931 diuitiis.
1336 2919 1377 2921 *ἡ
1405 2911 1508 2931 amore
1545 2903 1578 2931 M
1614 2903 1687 2932 Par.
1727 2903 1766 2932 A.
1805 2903 1876 2932 rell.
1915 2911 2056 2933 amorem.
2108 2901 2164 2940 13)

327 2957 473 2995 pactolus
488 2957 519 2986 M
546 2963 577 2987 et
604 2958 631 2987 G
656 2959 715 2987 bis.
742 2968 806 2996 par.
826 2959 853 2987 A
874 2959 906 2987 in
933 2959 1039 2987 lcmm.
1068 2962 1100 2988 et
1125 2959 1266 2997 pactilus
1292 2959 1324 2987 in
1350 2959 1479 2988 scholio.
1508 2959 1578 2988 rell.
1606 2960 1762 2997 pactolus.
1815 2959 1871 2998 15>
1897 2959 1967 3002 Βφε
2001 2961 2094 2987 necte
2112 2957 2164 2996 pi-

327 3012 406 3052 thaq.
426 3013 446 3042 i.
466 3013 518 3042 lic.
544 3014 628 3043 dor-t.
654 3014 696 3043 sis
721 3019 755 3044 ut
781 3015 966 3053 pithagoras
992 3015 1043 3053 qui
1070 3015 1188 3043 dicitur
1214 3014 1315 3044 fuisse
1340 3018 1471 3044 renatus
1499 3025 1534 3044 eo
1560 3016 1644 3053 quod
1671 3025 1705 3045 se
1722 3016 1864 3045 dixisset
1888 3015 2026 3044 animam
2045 3015 2163 3045 habere

327 3069 476 3108 panthois
503 3070 619 3099 troiani
646 3074 678 3100 et
702 3072 778 3100 licet
804 3071 966 3109 pulchrior
1003 3072 1048 3100 sis
1082 3080 1173 3100 nereo
1209 3071 1267 3100 deo
1293 3071 1401 3100 maris.
1427 3076 1533 3100 tamen
1570 3073 1707 3101 merebis
1734 3073 1755 3101 i.
1784 3072 1875 3101 flebis
1900 3081 2024 3102 amores
2048 3080 2163 3101 neaere

327 3127 503 3157 translatos
530 3127 570 3155 ad
595 3127 686 3157 alios
748 3128 804 3166 16)
829 3127 950 3157 dicacur
975 3138 1036 3157 om.
1064 3128 1134 3156 Par.
1162 3128 1201 3156 A.
1229 3131 1259 3156 ul
1284 3127 1386 3156 rvash.
1412 3129 1479 3157 rell.
1506 3132 1540 3156 et.
1568 3129 1619 3157 Ad
1643 3138 1738 3167 supra
1764 3127 1791 3163 Q
1817 3129 1923 3166 posuit
1955 3129 2037 3158 hanc
2061 3128 2161 3157 adno-

328 3184 501 3213 tationem:
529 3185 634 3221 ‘supm
660 3184 713 3212 ubi
741 3184 781 3213 sit
809 3184 931 3221 nesci03
960 3185 1088 3214 uidetur
1112 3184 1161 3213 hic
1188 3185 1276 3213 lor-us
1303 3185 1467 3213 interiisse
1494 3185 1553 3214 nisi
1579 3185 1652 3214 fort.
1680 3185 1850 3222 respuitur
1876 3185 1917 3213 ad
1935 3184 2033 3214 schol.
2053 3183 2160 3222 Epist.

328 3239 368 3270 11.
399 3241 423 3275 1,
453 3239 516 3268 52!
543 3238 614 3276 (sic.
642 3239 729 3269 locus
755 3240 811 3269 ille
837 3249 912 3277 ergo
939 3249 1002 3269 non
1030 3240 1160 3269 interiit.
1188 3240 1239 3269 adi
1266 3240 1415 3279 indices).
