2170 3460
809 154 857 185 IN
890 154 1033 186 CARar
1065 154 1096 192 L
1122 158 1152 187 2
1865 146 1888 184 7

180 278 245 318 19.
281 277 351 317 Est
381 278 452 332 qm'
476 291 547 318 nee
567 291 606 317 u.
633 292 674 333 p.
707 277 762 318 M.
792 302 831 306 —
861 277 1025 331 spernit,
1077 275 1218 318 Ordo:
1249 276 1327 317 Est
1359 277 1529 331 quince
1550 278 1722 333 spernit.
1772 277 1892 319 Dicit

67 356 217 399 autem,
250 349 353 391 alios
384 349 470 391 uita
499 349 675 391 lautiore
706 348 919 390 delectari.

180 424 245 463 20.
281 420 389 478 [Nec
428 449 481 453 —
518 422 690 478 spernit.
750 422 935 475 Λιτότης,
981 428 1025 463 ut
1071 424 1178 477 Verq.
1219 421 1273 464 A.
1305 422 1406 473 VII,
1445 424 1549 463 2Gr:
1595 438 1769 465 munera
1814 438 1892 465 nec

67 495 252 551 sperno]

180 569 245 608 22.
278 568 332 609 ad
362 583 489 624 aquae
521 593 574 598 —
604 583 758 609 sacrae.
818 567 869 608 Id
900 575 973 618 cst,
1012 568 1125 624 apud
1155 569 1324 610 sontem.
1386 567 1548 611 Omnes
1589 576 1726 610 autem
1757 570 1892 611 fontes

66 641 174 683 sacri
203 640 422 690 habentur,
455 647 494 682 ct
524 641 618 682 ideo
651 650 770 696 eaput
800 656 942 683 sacrae
973 657 1100 697 aquae
1130 641 1200 682 ait.

179 722 311 755 manet
353 714 425 755 sub
456 714 553 755 Ioue
596 714 758 769 fre'ffl'do.
818 713 886 756 Ac
926 729 1001 769 per
1037 715 1116 756 hoc
1157 715 1233 756 sul)
1266 715 1393 758 caelo.
1454 714 1574 757 Dicit
1603 722 1755 766 autem,
1788 716 1892 757 alios

67 787 202 828 studio
233 786 415 828 uenandi
446 786 692 841 plerumque
724 787 767 827 in
799 787 916 829 siluis
946 794 1206 842 pernoctare.

179 861 245 901 27.
277 861 420 901 catulis
453 875 573 901 cerua
600 860 791 915 fidelibus.
838 860 994 902 Melius
1025 861 1280 916 generaliter
1310 862 1554 917 accipimus,
1587 878 1713 917 quam
1744 869 1789 904 ut
1817 878 1891 904 uc-

67 933 225 974 nationi
262 939 422 973 tantum
460 947 530 974 cos
560 933 704 974 fideles
735 933 1048 989 intellegamus3
1081 950 1177 975 nam
1209 941 1249 975 et
1280 936 1491 977 Lucretius
1521 935 1618 990 (VI,
1652 937 1782 992 1220)
1810 938 1893 992 fida

69 1021 216 1048 canum
246 1009 308 1048 wls·
339 1007 457 1047 dixit.
517 1006 637 1063 Ergo
670 1007 781 1062 quod
812 1022 977 1062 semper
1008 1007 1189 1050 dominis
1218 1008 1362 1050 fideles
1393 1015 1500 1058 sunt,
1533 1008 1839 1064 intellegamus.

180 1081 243 1121 29.
277 1081 341 1122 Me
374 1081 584 1122 docum-um
615 1081 673 1122 ecl.
712 1096 775 1137 pr.
813 1082 1021 1135 frontium.
1084 1083 1273 1123 Praemia
1315 1083 1527 1123 doctarum
1556 1082 1755 1124 frontium
1795 1083 1893 1123 cde-

67 1168 134 1194 ras
166 1153 235 1204 ait,
269 1153 366 1208 quia
396 1153 461 1195 his
492 1160 639 1209 poetae
671 1160 936 1205 coronantur,
967 1154 1077 1195 unde
1108 1160 1148 1195 et
1182 1155 1292 1209 Verq.
1325 1153 1395 1209 (B.
1417 1154 1541 1206 VIII,
1566 1156 1638 1211 12)
1670 1155 1745 1196 ait:
1779 1164 1894 1211 atque

65 1227 169 1268 hane
202 1228 285 1269 sine
317 1235 495 1283 tempora
527 1229 696 1277 circum,
727 1228 841 1269 Inter
871 1229 1056 1269 uictrices
1089 1228 1256 1269 ederam
1287 1227 1356 1269 tibi
1383 1242 1542 1284 serpere
1574 1229 1727 1270 lauros.

179 1301 245 1341 31.
277 1301 634 1357 Nymphmwnque
655 1327 707 1331 —
732 1302 853 1343 chori.
898 1300 983 1342 Per
1003 1314 1074 1342 eas
1104 1300 1323 1356 egregiam
1355 1300 1535 1356 gloriam
1557 1301 1660 1343 dicit
1681 1301 1893 1357 consequi,

67 1371 119 1412 de
150 1372 301 1427 quibus
333 1372 467 1414 canit:
498 1374 585 1414 fere
616 1373 728 1415 enim
758 1373 891 1429 lyrico
922 1374 1099 1416 carmini
1130 1374 1305 1415 materia
1335 1374 1387 1415 de
1417 1373 1659 1417 nemoribus
1689 1389 1739 1417 ac
1768 1374 1894 1417 fonti-

67 1444 144 1486 bus
175 1453 248 1496 est,
281 1452 321 1487 et
351 1445 386 1487 si
417 1461 499 1501 qua
529 1452 625 1487 sunt
653 1446 718 1488 his
748 1446 902 1488 similia
933 1454 1003 1488 aut
1032 1447 1238 1502 proxima.

179 1520 245 1560 32.
278 1519 502 1561 Seeermmt
527 1520 687 1577 populo.
747 1519 799 1561 Id
829 1527 903 1571 est,
935 1520 986 1561 de
1017 1535 1149 1577 grege
1180 1520 1298 1576 uulgi
1328 1520 1478 1563 tollunt
1498 1535 1548 1564 ac
1568 1535 1644 1577 per
1664 1521 1744 1564 hoc
1765 1521 1895 1564 subli-

67 1606 177 1634 mem
206 1592 377 1634 faciunt.

179 1666 244 1707 33.
277 1667 453 1723 Euterpe
499 1667 660 1709 collibet.
727 1666 787 1709 Vt
826 1667 861 1709 si
897 1667 1074 1709 diceret:
1122 1667 1157 1709 si
1194 1674 1334 1709 tamen
1370 1667 1522 1710 Musae
1560 1683 1645 1711 non
1683 1668 1895 1724 denegant

66 1739 169 1780 mihi
200 1739 383 1781 studium
414 1746 559 1782 cantus
590 1740 666 1782 sui.

180 1814 247 1854 34.
281 1814 476 1856 Lesboum
514 1814 707 1855 barbiton.
772 1815 968 1855 Barbe'ton
1008 1814 1158 1869 organi
1199 1828 1334 1869 genus
1371 1821 1433 1856 est
1471 1814 1514 1855 in
1555 1815 1726 1856 modum
1764 1815 1893 1870 lyrae.

67 1886 260 1927 Lesboum
290 1893 432 1927 autum
463 1887 570 1927 dixit
599 1888 784 1929 referens
815 1887 869 1928 ad
885 1886 1091 1928 Alcaeum
1122 1893 1161 1928 et
1194 1885 1383 1943 Sappho,
1414 1888 1570 1943 lyricos
1600 1895 1758 1943 poetas,
1792 1904 1895 1944 quos

53 1957 109 1999 in
138 1958 281 2001 Lesbo
312 1959 449 2001 insula
477 1966 597 2002 natos
628 1974 718 2002 esse
748 1960 1027 2002 manifestum.

179 2033 245 2074 35.
278 2033 416 2089 lyricis
445 2034 619 2076 uatibus.
681 2031 860 2076 Graecis
890 2034 1034 2089 utique
1060 2033 1414 2090 intellegendnm3
1446 2049 1544 2076 nam
1565 2035 1752 2076 nondum
1773 2040 1891 2077 erant
1942 2063 1948 2070 -

67 2103 259 2148 Romani.

728 2204 1055 2259 CARMEN
1097 2206 1143 2273 1,
1186 2209 1231 2259 2.

885 2304 1074 2348 ACRON.

183 2386 218 2425 1.
250 2385 339 2427 Iam
370 2388 468 2427 satis
498 2411 551 2416 -—
575 2395 709 2443 paler.
771 2385 821 2429 C.
855 2385 1052 2430 Caesaris
1088 2395 1265 2430 mortem
1297 2389 1520 2444 significat,
1561 2404 1643 2445 quo
1673 2389 1717 2430 in
1749 2395 1894 2431 senatu

67 2457 205 2499 occiso
244 2458 450 2514 plurimae
480 2465 760 2515 tempestates,
800 2460 920 2502 niues
951 2468 992 2502 et
1028 2462 1257 2518 grandines
1292 2463 1472 2514 fuerunt,
1518 2477 1600 2518 quo
1637 2469 1825 2518 tempore
1856 2469 1894 2503 et

181 2574 216 2612 2)
234 2574 314 2603 alios
339 2575 488 2604 lautiores
516 2585 562 2604 rv.
612 2577 647 2615 3)
672 2575 795 2614 MR2g7
821 2586 879 2606 rva
904 2587 976 2613 om.⁷
1010 2577 1044 2606 fh
1079 2576 1228 2617 (liptote)
1261 2587 1302 2607 ex
1336 2577 1360 2607 C
1394 2577 1531 2618 (litote).
1581 2578 1616 2616 5)
1637 2578 1759 2616 pariter
1790 2578 1895 2607 fontes

67 2630 175 2659 rvafh.
208 2630 252 2659 ait
282 2641 343 2660 om.
374 2630 447 2660 rvaf
456 2632 486 2660 11.
535 2632 570 2671 9)
601 2633 789 2670 accipiemus
820 2633 924 2663 rvafh.
956 2634 1027 2663 Non
1060 2633 1150 2663 Dioeit
1181 2643 1251 2673 eryo
1282 2643 1383 2672 neque
1414 2634 1498 2663 Dicit
1528 2643 1598 2673 erqo
1632 2632 1703 2672 (fh)
1734 2634 1788 2663 sed
1821 2633 1896 2663 dimit

68 2685 276 2724 (Lueretius).
308 2688 390 2726 Eryo
415 2688 584 2725 legendum
611 2692 669 2717 est.
722 2689 775 2727 12)
802 2689 966 2718 ductarum
991 2689 1025 2717 M
1050 2690 1081 2718 in
1106 2690 1257 2719 lemmate
1282 2694 1314 2719 et
1340 2691 1371 2719 in
1397 2690 1527 2719 scholio.
1580 2690 1635 2729 13)
1665 2689 1896 2719 coronabantur

67 2743 163 2771 rvafh
190 2742 435 2781 (consueuerant
465 2745 608 2773 coronari
633 2743 757 2784 Aca).
820 2746 876 2783 14)
901 2747 1048 2775 uictrices
1072 2747 1205 2775 hederas
1230 2747 1290 2775 tibi
1325 2756 1407 2783 serp.
1440 2747 1562 2774 laurum
1592 2746 1696 2784 MI-tg.
1759 2747 1814 2784 15)
1843 2756 1896 2775 eas

67 2797 188 2836 MR2g.
240 2799 294 2836 16)
321 2799 453 2829 carmini
474 2800 578 2837 MA2,
611 2810 662 2837 va,
688 2802 827 2830 carmine
851 2801 948 2840 Rg,1·,
973 2802 1068 2841 lyrici
1091 2802 1240 2831 carminis
1264 2802 1299 2832 fh
1325 2812 1365 2831 cx
1392 2801 1427 2830 C.
1458 2811 1496 2831 ac
1527 2801 1597 2831 font
1627 2802 1751 2840 MR2g,
1784 2803 1893 2839 wath,

68 2854 94 2882 si
121 2863 198 2892 quae
221 2854 308 2884 vafh.
360 2856 415 2895 19)
443 2855 524 2886 Cum
541 2856 706 2893 infacz'unt
729 2861 847 2887 exeunt
873 2859 996 2888 scholia
1020 2859 1136 2896 Porph.
1162 2859 1201 2888 ad
1231 2859 1299 2888 h.o.
1332 2859 1364 2887 in
1397 2857 1467 2887 afh.
1517 2858 1573 2897 21)
1600 2858 1632 2888 in
1656 2859 1740 2889 mod.
1766 2859 1830 2888 MA
1842 2860 1892 2898 Qg.

67 2909 109 2938 ‹ch
132 2911 214 2939 mod.
240 2920 286 2940 rv.
313 2911 370 2950 22)
391 2921 475 2941 man.
500 2917 543 2941 est
565 2912 680 2950 R2,rv.

179 2966 340 2997 ACRON.
386 2967 477 2998 Idem
502 2972 682 2998 comentum
707 2968 744 2999 A.
773 2969 842 2999 Ode
866 2969 895 2998 II
921 2969 961 2999 ad
987 2969 1155 3000 Caesarem
1180 2969 1363 3007 Augustum
1388 2969 1424 2998 R.

181 3023 238 3061 30)
259 3022 319 3052 Gai
345 3024 375 3062 d,
403 3023 477 3054 Gaii
502 3024 575 3062 HN,
609 3024 680 3054 Caii
706 3029 719 3055 t
744 3035 812 3063 voa,
840 3025 876 3055 C.
906 3025 997 3056 Caes.
1024 3037 1038 3055 r
1064 3031 1124 3056 etc.
1150 3026 1180 3055 A
1207 3027 1239 3055 in
1264 3034 1391 3055 rasura:
1416 3026 1484 3056 iulii
1509 3026 1672 3066 (cesaris).
1722 3028 1780 3067 31)
1809 3027 1893 3057 niuis

70 3081 102 3107 et
134 3079 300 3116 grandinis
329 3080 506 3119 AHbdl‚r,
531 3083 737 3119 tempestatis
762 3092 786 3119 r,
819 3085 1030 3123 tempestat‘fs
1057 3082 1086 3111 A
1113 3082 1146 3120 (1
1162 3082 1221 3120 in).
1271 3082 1375 3120 Lege:
1409 3086 1623 3120 tempestates
1648 3084 1802 3121 plurimae
1822 3084 1893 3124 (ge-

68 3134 177 3173 nitiu.)
204 3135 285 3165 niuis
303 3140 334 3166 et
352 3136 524 3175 grandinis·
552 3136 594 3168 G:
621 3138 776 3176 plurimae
801 3138 883 3168 niuis
907 3142 938 3168 et
963 3138 1126 3177 grandinis
1150 3142 1360 3177 tempestates
1377 3144 1588 3178 portentaque
1613 3141 1683 3169 uisa
1701 3145 1786 3171 sunt.

1921 942 1961 973 10

1918 2394 1961 2425 30
