2170 3460
66 985 74 1015 l
85 987 103 1015 (j

71 1351 104 1381 15

129 183 208 223 252
763 188 867 220 ΑΘΒ.
892 187 952 219 ΕΤ
977 186 1144 218 PORPH.
1172 184 1320 217 coMM.

861 308 1221 354 PORPHYRION.

241 390 464 444 Anquslam
496 391 619 429 amice
643 402 685 443 p.
711 402 754 442 P·
816 384 975 427 Suadet
1007 382 1244 424 breuiorem
1265 381 1378 422 uiam
1399 380 1714 435 facilioremque
1736 394 1826 422 esse
1847 395 1953 435 pau-

130 463 221 518 peri
252 462 306 503 ad
335 462 501 503 beatam
532 461 675 510 uitam,
708 459 742 501 si
773 459 831 499 ita
862 458 1114 507 instituatur,
1145 463 1190 497 ut
1219 455 1263 496 in
1294 455 1493 497 subiectis
1523 454 1715 496 ostendit.

241 538 279 577 2.
310 536 510 578 robustus.
545 536 636 576 acri
663 534 743 574 mil.
767 548 839 589 pu.
909 531 1006 572 Hoc
1037 538 1120 572 est:
1153 544 1247 572 cum
1278 529 1363 570 iam
1394 528 1586 571 robustus
1617 534 1689 570 est.
1750 528 1848 570 Acri
1871 528 1956 568 mi—

131 611 213 651 le'lz'a
245 616 383 650 autem
413 608 457 649 in
487 607 574 649 aeri
605 606 755 647 militia
785 604 944 659 accipe,
976 610 1045 644 aut
1078 618 1152 657 per
1182 617 1323 644 acrem
1352 602 1558 643 militiam.

247 683 284 722 3.
318 692 353 725 et
387 682 554 724 Parthos
583 682 614 734 s.
676 679 848 721 Parthos
879 693 956 733 pro
988 676 1243 732 quibuslibet
1273 675 1463 717 hostibus
1494 675 1651 730 accipe.

243 758 279 798 G.
312 757 424 797 illum
455 770 504 796 ιη’
535 769 584 795 m.
617 753 653 793 h.
713 751 821 792 Tam
853 751 990 792 clarus
1021 751 1086 800 sit,
1118 749 1266 804 inquit,
1299 749 1343 789 in
1374 748 1511 804 gloria
1540 748 1786 789 bellicarum
1817 761 1958 788 rerum

130 830 384 879 adulescens,
430 836 473 868 ut
504 827 632 882 uulgo
663 825 789 867 etiam
819 824 1066 866 mulieribus
1096 830 1135 864 et
1166 822 1317 879 puellis
1356 821 1538 863 hostium
1575 828 1697 862 notus
1735 821 1801 871 sit,
1850 834 1957 875 quae

129 904 271 958 utique
302 903 383 944 nisi
414 903 653 956 frequentes
684 900 728 940 in
759 899 869 941 bello
900 913 983 940 non
1015 896 1291 951 conspiciunt.

244 977 307 1018 10.
342 977 405 1016 11.
439 990 626 1031 asperum
657 982 682 1016 l.
715 974 737 1014 l.
810 971 908 1013 Hoc
937 979 1012 1021 est,
1055 969 1126 1025 qui
1166 976 1251 1010 tam
1288 983 1413 1024 asper
1450 976 1509 1010 est
1550 976 1595 1010 ut
1637 969 1723 1018 leo3
1770 981 1959 1024 asperum

130 1059 234 1092 {netu
265 1056 415 1100 autem,
447 1049 519 1104 qui
551 1048 585 1090 si
617 1054 749 1089 taetus
780 1052 854 1096 est,
887 1045 929 1085 id
961 1052 1035 1094 est,
1066 1044 1218 1093 laesus,
1250 1049 1480 1097 asperatur.

245 1125 308 1165 14.
342 1137 448 1164 mors
480 1131 515 1164 el
541 1123 568 1176 s.
594 1121 852 1178 persequitur
882 1134 922 1160 u.
981 1117 1068 1158 Hic
1098 1115 1299 1166 ostendit,
1338 1129 1408 1157 eos
1444 1114 1625 1156 maxime
1664 1114 1707 1155 in
1738 1113 1849 1156 bello
1880 1128 1956 1169 pe-

129 1196 318 1247 riclitari,
350 1196 421 1251 qui
452 1196 630 1252 fugiunt.

245 1272 308 1311 17.
340 1271 473 1311 uirtus
505 1284 538 1310 r.
570 1284 608 1309 η.
646 1285 675 1309 s.
749 1265 869 1308 Haec
908 1266 958 1306 de
1001 1264 1240 1307 Stoicorum
1278 1269 1390 1304 secta
1427 1268 1534 1313 sunt,
1575 1262 1646 1317 qui
1677 1261 1833 1311 dicunt,
1870 1260 1959 1302 uir-

132 1351 261 1386 tutem
291 1344 422 1386 solam
453 1343 642 1385 sufficere
664 1341 717 1382 ad
737 1340 868 1382 uitam
890 1340 1067 1381 beatam.
1128 1337 1349 1394 Repulsam
1370 1342 1506 1377 autem
1540 1335 1794 1391 generaliter
1814 1334 1960 1389 accipe

134 1433 210 1473 pro
240 1417 414 1460 infamia
444 1431 493 1458 ac
523 1414 794 1471 turpitudine.
854 1412 952 1455 Hoc
973 1412 1085 1454 enim
1107 1411 1184 1453 ait:
1218 1410 1365 1453 Virtus
1386 1409 1554 1452 infamis
1575 1424 1625 1451 ac
1646 1408 1817 1452 sordida
1837 1423 1960 1450 num-

133 1507 258 1547 quam
289 1505 378 1532 esse
409 1497 556 1546 potest.

246 1566 310 1605 19.
342 1579 412 1606 nec
441 1565 560 1605 smnit
591 1571 661 1604 (tut
684 1577 751 1618 po.
783 1578 813 1603 s.
844 1577 879 1602 (ι.
904 1576 946 1617 p.
980 1575 1047 1601 au.
1108 1559 1159 1600 Id
1190 1564 1263 1609 est,
1296 1572 1374 1600 nee
1403 1558 1447 1598 in
1477 1563 1683 1613 potestate
1713 1556 1863 1612 populi
1885 1562 1959 1606 est,

131 1647 176 1679 ut
205 1646 438 1688 coronetur,
469 1651 546 1678 nee
576 1635 682 1677 alius
712 1634 863 1676 mentis
893 1634 1049 1676 bonum
1080 1632 1142 1673 illi
1172 1632 1336 1674 auferre
1366 1638 1515 1687 potest,
1547 1631 1660 1687 quod
1690 1631 1734 1672 in
1764 1630 1857 1686 ipsa
1883 1644 1960 1685 po-

101 1750 104 1751 .
137 1711 260 1753 situm
291 1719 363 1752 est.

245 1787 310 1826 22.
342 1792 485 1840 neqata
517 1791 674 1839 temptat
703 1784 777 1824 iter
807 1783 885 1823 αἶα.
943 1779 1110 1836 Negata
1150 1779 1237 1821 seil.
1278 1778 1530 1821 hominibus.
1598 1777 1681 1820 His
1719 1784 1858 1819 autern
1895 1776 1961 1817 in-

132 1858 274 1914 tellegi
304 1857 405 1908 uult,
438 1872 513 1913 per
542 1857 739 1898 uirtutem
770 1854 993 1910 adquirere
1014 1868 1137 1910 posse
1158 1852 1348 1895 homines
1370 1852 1724 1903 inmortalitatem,
1757 1851 1829 1906 qui
1850 1865 1961 1892 mor-

132 1932 205 1973 tali
238 1931 485 1973 condicione
517 1937 622 1973 sunt.

245 2007 311 2047 25.
343 2014 398 2046 est
429 2020 459 2046 e.
488 2006 518 2059 f.
551 2013 574 2046 t.
607 2020 637 2046 s.
696 2002 812 2044 Inter
842 2002 1015 2043 virtutes
1047 2000 1217 2042 seilicet.

245 2079 310 2120 26.
342 2079 483 2120 uemho
515 2079 583 2135 qui
616 2078 700 2120 Cer.
731 2091 834 2118 sacr.
865 2076 1048 2130 uulqarz't
1076 2089 1158 2117 ace.
1245 2072 1386 2125 Absit,
1423 2073 1573 2129 inquit,
1614 2081 1659 2115 ut
1698 2072 1775 2115 sub
1813 2071 1961 2114 eodem

246 2233 400 2263 PORPH.
451 2233 520 2263 Ode
546 2233 629 2262 LXI.
664 2232 699 2261 I‘..
749 2231 844 2261 amic-i
874 2230 918 2260 fh.
956 2231 1027 2259 rell.
1062 2230 1171 2260 amice.
1227 2231 1380 2260 leuiorem
1406 2230 1443 2259 R.
1509 2231 1544 2268 2)
1571 2230 1666 2260 uitam
1692 2229 1835 2266 MR2‚1-v.
1873 2228 1959 2258 uia-m

133 2291 199 2319 asli.
250 2291 284 2329 3)
312 2290 455 2321 ostendit
480 2290 573 2319 MPcz.
601 2290 669 2319 rell.
695 2289 853 2318 ostendet..
880 2287 1032 2317 ostendat
1060 2286 1097 2321 Q.
1135 2286 1231 2325 Apud
1256 2291 1337 2317 uett.
1366 2288 1481 2324 interp.
1510 2287 1595 2315 haud
1622 2286 1809 2324 infrequens
1836 2285 1961 2314 indica-

134 2348 221 2376 tiuus
249 2348 281 2376 in
306 2348 452 2377 oratione
478 2347 627 2384 obliqua,
660 2350 696 2375 ut
722 2346 861 2374 uidimus
887 2354 995 2382 supra.
1052 2343 1088 2383 4)
1115 2345 1179 2373 iam
1204 2344 1299 2374 Mne.
1327 2345 1397 2374 rell.
1424 2345 1481 2374 ita.
1537 2344 1571 2382 5)
1600 2344 1676 2373 Acri
1701 2344 1770 2373 mil.
1796 2347 1893 2372 autem
1918 2342 1960 2371 M.

132 2404 206 2433 Acri
233 2408 339 2434 :iutein
364 2405 431 2433 mil.
458 2404 503 2433 fh.
547 2404 615 2432 rell.
642 2403 719 2432 Acri
745 2403 814 2434 mil.
839 2405 900 2431 (tut.
943 2401 978 2430 In
1004 2411 1018 2429 r
1043 2405 1131 2431 totus
1157 2411 1269 2430 uersus
1295 2410 1360 2430 cnm
1396 2418 1438 2422 ——-
1476 2400 1579 2439 accipe
1604 2401 1738 2429 eiectus,
1764 2417 1806 2421 —
1841 2400 1875 2429 in
1901 2408 1961 2428 om.

132 2460 176 2490 M.
228 2460 261 2497 Τ)
300 2461 410 2498 inquid
448 2460 488 2489 M.
550 2460 585 2498 9)
612 2460 809 2497 conspiciunt
837 2458 1010 2495 MAR2‚rv.
1053 2467 1160 2495 prosp.
1187 2457 1274 2492 ath
1303 2457 1425 2496 (IIor.).
1489 2457 1545 2495 10)
1573 2463 1639 2486 tani
1653 2456 1780 2485 MAR2.
1809 2455 1879 2484 rell.
1898 2463 1960 2484 oni.

137 2518 191 2555 ll)
218 2521 323 2546 tactus
351 2521 399 2546 est
423 2517 588 2553 Mlt2‚rva.
631 2520 674 2545 ta.
702 2517 722 2545 i.
750 2517 856 2545 laesus
889 2519 930 2543 esc
961 2513 1040 2548 th.
1093 2515 1147 2552 12)
1175 2515 1205 2543 in
1231 2514 1315 2543 bello
1335 2513 1457 2543 MAR2.
1495 2514 1564 2543 rell.
1592 2523 1652 2543 om.
1706 2513 1761 2551 15)
1787 2513 1846 2542 uit.
1872 2512 1959 2541 beat.

132 2573 274 2610 Ml-=,1·va.
302 2574 385 2602 beat.
414 2574 472 2602 uit.
500 2572 578 2608 th.
606 2590 645 2593 ⁴..
673 2573 781 2609 accipe
799 2572 891 2600 Mne.
919 2572 1075 2609 accipitur
1102 2572 1131 2600 2.
1158 2571 1227 2600 rell.
1254 2570 1377 2608 accipit.
1431 2570 1486 2609 18)
1512 2580 1566 2599 nec
1592 2580 1641 2608 po.
1668 2580 1704 2599 rv
1731 2569 1861 2608 (sumi).
1888 2569 1959 2598 rell.

133 2635 184 2659 ant
209 2640 257 2667 po.
284 2635 320 2659 ut
345 2634 481 2659 nietrnin
508 2630 661 2667 postulat.
715 2629 770 2668 19)
797 2638 850 2658 nec
883 2632 1045 2666 potestate
1074 2627 1207 2666 propria
1231 2632 1422 2657 coronantur
1454 2636 1510 2656 nec
1536 2627 1611 2665 quia
1637 2636 1702 2656 non
1727 2627 1769 2656 al.
1796 2636 1846 2655 rv.
1888 2624 1963 2654 haec

135 2696 182 2723 po.
210 2696 259 2724 pr.
288 2691 459 2715 coronatur
485 2686 561 2725 (nni.
588 2686 655 2724 nec)
683 2687 758 2724 quia
784 2695 845 2715 non
871 2686 910 2714 al.
938 2685 1003 2714 assi.
1045 2686 1122 2714 haec
1149 2695 1197 2723 po.
1225 2695 1271 2722 pr.
1299 2688 1480 2721 coronatur,
1507 2694 1564 2713 nec
1588 2683 1744 2722 quisquam
1768 2683 1809 2712 al.
1827 2681 1864 2717 Q.
1906 2690 1963 2711 nec

136 2743 167 2770 in
194 2752 242 2779 po.
272 2752 315 2780 pr.
336 2742 444 2781 populi
467 2746 656 2772 coronantur
682 2743 710 2771 2.
737 2751 794 2771 nee
818 2742 849 2770 in
874 2746 1033 2779 potestate
1052 2741 1162 2779 populi
1185 2745 1235 2771 est.
1256 2741 1357 2770 MAR.
1398 2741 1431 2769 M
1457 2742 1582 2779 pergit:
1611 2739 1786 2770 Coronetur
1809 2748 1862 2769 nec
1887 2739 1963 2776 quia

134 2808 195 2827 non
223 2799 304 2827 alins
332 2799 447 2828 inferre
473 2804 581 2837 potest
606 2800 689 2837 quod
716 2800 746 2828 in
774 2799 843 2836 ipsa
871 2799 1006 2836 positum
1032 2803 1091 2827 est.
1124 2798 1193 2828 rell.
1231 2797 1366 2834 (mserre,
1401 2798 1536 2835 positum
1570 2807 1651 2827 omn.
1678 2797 1765 2826 libri.
1809 2795 1837 2831 Q
1861 2796 1963 2825 tacite

136 2854 248 2882 incute.
275 2856 387 2891 posita.
427 2856 497 2893 Ego
524 2856 679 2893 temptaui
706 2855 804 2884 schol.
832 2855 1012 2891 restituere7
1040 2855 1249 2892 interponens
1287 2858 1318 2882 uc
1354 2858 1383 2883 et
1422 2864 1476 2891 pro
1508 2853 1578 2892 quia
1601 2862 1659 2882 mm¹
1693 2853 1834 2882 scribens
1859 2851 1964 2881 mentis

134 2909 236 2938 bonum
263 2920 301 2939 ex
329 2911 395 2939 (⁴ic.
422 2911 457 2940 T.
484 2912 522 2947 V,
549 2913 606 2941 23:
643 2911 748 2941 boumn
771 2911 876 2940 mentis
901 2915 942 2939 est
964 2910 1072 2939 uirtus.
1117 2911 1147 2939 in
1175 2911 1245 2948 ipsa
1271 2911 1340 2939 scil.
1368 2911 1502 2940 uirtute.
1552 2906 1611 2949 21)
1638 2909 1706 2939 IIoc
1733 2909 1832 2938 schol.
1860 2908 1892 2937 in
1917 2907 1962 2943 M,

134 2976 153 2994 v
179 2967 302 2996 dnobus·
328 2977 414 3005 seqq.
443 2972 568 3005 postpo.
597 2973 656 2998 est.
706 2986 746 2989 ›—
794 2967 966 2997 hominihus
990 2967 1174 3001 mutarn.
1209 2967 1355 2996 omnibus
1386 2966 1485 3001 vth.
1519 2982 1558 2986 ·—
1592 2966 1647 2995 ΙΙΙ-9
1671 2969 1778 2994 autem
1803 2964 1960 3001 MAR,va.

133 3032 203 3051 nam
229 3027 283 3052 aut
309 3032 334 3051 r.
377 3024 426 3052 hit-
452 3029 558 3053 :iutein
584 3024 663 3059 th.
722 3023 779 3062 22)
806 3024 878 3061 adq.
906 3023 948 3052 M.
991 3024 1044 3061 qui
1069 3023 1208 3052 mortales
1243 3028 1313 3052 sunt
1347 3023 1383 3051 R.
1433 3022 1528 3051 Bern.
1557 3021 1599 3058 (ἐς
1638 3022 1708 3051 uult
1735 3022 1881 3059 intellegi
1907 3030 1964 3058 per

135 3080 286 3109 uirtutem
312 3080 438 3117 adquiri
466 3089 558 3117 posse
585 3081 849 3110 inmortalitatem
874 3080 1060 3117 caelumque
1085 3080 1204 3117 aperiri
1231 3089 1323 3117 posse
1356 3083 1452 3117 atque
1479 3079 1563 3107 inter
1589 3078 1664 3107 deos
1691 3078 1851 3107 collocari.
1904 3077 1960 3116 18)

135 3136 280 3173 uulgarit
305 3135 460 3172 M2‚rvss1.
489 3136 556 3165 rell.
583 3146 610 3165 a.
648 3137 733 3166 arch.
760 3137 802 3166 M.
842 3137 956 3175 inquid
982 3136 1025 3165 M.
1067 3136 1124 3166 sub
1151 3135 1262 3166 eodem
1287 3139 1408 3165 tectum
1434 3143 1495 3165 ero.
1532 3138 1568 3164 ut
1592 3144 1662 3164 eum
1679 3134 1722 3164 M.
1749 3134 1818 3164 rell.
1845 3138 1878 3164 ut
1905 3134 1963 3163 sub

136 3191 245 3221 eodem
272 3195 357 3222 tecto
384 3201 505 3222 meeum
532 3192 597 3222 sint
623 3197 657 3222 ec.
