2283 3535
776 241 821 272 m
851 241 982 272 eron.
1009 241 1052 272 x.
1081 241 1140 271 xr.
1787 231 1867 270 491

164 366 227 406 10.
259 379 337 420 qua
369 373 418 405 tr.
451 365 580 405 Orion
612 364 727 404 eadit.
792 365 896 413 Ona,
928 369 1049 403 nocte
1081 361 1252 402 scilicet.

164 439 226 478 13.
260 452 349 479 cum
384 437 521 478 Pallas
554 445 640 477 mlo
672 451 709 475 u.
742 437 764 476 ι’.
795 451 828 475 (ι.
865 437 892 475 l.
924 437 963 476 in
995 437 1143 490 inpium
1175 437 1221 475 A.
1252 448 1286 474 r.
1347 433 1443 475 Hoc
1479 449 1528 475 ex
1560 434 1743 490 Vergilii
1775 435 1869 476 lec—

49 512 160 553 tione
192 511 290 552 satis
321 518 464 552 notum
496 517 568 551 cst.

164 586 226 625 17.
260 593 295 625 et
325 584 394 625 illa,
426 598 504 624 non
539 583 662 623 uirilis
694 582 893 623 lzefiululio.
959 581 1158 622 llee'ulale'o
1195 580 1237 620 id
1278 579 1443 629 dicitur,
1491 580 1601 633 quod
1646 588 1705 621 est
1753 581 1871 635 quasi

49 657 228 713 gemitus
258 656 408 705 flentis,
440 655 583 709 τρόπος
615 655 923 708 ὃνοματοποιία.

163 732 225 771 19.
258 731 321 770 20.
358 730 492 770 Ionius
512 729 592 769 wlo
622 744 711 769 emn
743 743 893 782 remuy.
926 729 1037 768 sinus
1059 728 1161 769 Nolo
1193 742 1223 768 c.
1246 742 1280 768 r.
1343 727 1425 768 Udo
1449 725 1625 783 [autem]
1650 726 1764 775 Nolo,
1795 726 1874 766 hoc

52 810 125 853 est,
159 817 315 857 aquoso
346 817 395 843 ac
425 801 628 857 pluuioso.

163 878 227 917 21.
260 892 319 932 op.
351 891 383 931 q.
416 891 445 914 s.
472 891 512 930 p.
546 890 577 916 c.
610 875 732 915 litore.
798 875 984 929 Opimam
1009 874 1204 928 praedam
1242 887 1391 926 corpus
1438 871 1570 926 ipsius
1615 871 1763 913 melius
1810 871 1874 912 in·-

50 948 310 1005 tellegamus,
343 963 392 989 cx
424 963 505 1002 quo
536 954 725 1002 apparet,
758 954 795 987 ct
828 947 1027 1001 pinguem
1060 960 1153 986 cum
1185 945 1323 985 fuisse.

744 1099 1039 1154 EPODOS
1083 1100 1179 1152 XI.

866 1211 1054 1254 AGRoN.

168 1315 307 1371 [Pecte'.
384 1313 567 1354 Metrum
600 1313 736 1368 primo
768 1327 891 1353 uersu
922 1311 1151 1352 ternarium
1182 1310 1423 1360 iambicum,
1456 1309 1662 1351 sccundus
1693 1324 1743 1350 ex
1774 1324 1877 1364 pen-

171 1431 202 1468 1)
227 1441 286 1469 qua
312 1435 403 1460 nocte
428 1430 490 1472 Βφ.
517 1440 584 1468 qua.
612 1439 667 1467 pro
693 1438 762 1458 eum
788 1429 839 1457 uel
865 1428 1003 1465 quando.
1029 1427 1081 1456 uel
1108 1436 1170 1465 qua
1196 1430 1289 1455 nocte
1306 1434 1332 1467 γ.
1358 1436 1417 1464 qua
1441 1425 1545 1454 tristis.
1574 1435 1614 1454 ex
1641 1434 1677 1453 ea
1702 1428 1792 1462 parte
1818 1424 1878 1454 celi

54 1496 116 1525 qua
142 1488 230 1515 orion
257 1488 358 1516 oritur
384 1487 472 1515 nulla
502 1486 664 1515 commoda
688 1485 916 1523 navigantibus
943 1484 1038 1513 stella
1063 1483 1206 1512 nascitur
1230 1491 1254 1523 γ.
1286 1481 1388 1511 Orion.
1417 1481 1519 1511 Orion
1545 1482 1576 1510 in
1606 1486 1677 1510 ortu
1710 1490 1766 1510 suo
1800 1486 1879 1510 tem-

55 1548 199 1581 pestates
225 1544 350 1572 excitat
376 1544 410 1572 in
435 1544 526 1572 mari.
575 1542 669 1571 Unde
695 1542 879 1579 imprecatur
904 1541 1050 1571 horatius
1075 1544 1111 1569 ut
1136 1548 1171 1568 ea
1195 1543 1277 1568 nocte
1301 1548 1360 1577 qua
1385 1539 1453 1575 ipse
1483 1539 1602 1567 occidit
1628 1542 1659 1567 et
1689 1546 1774 1566 mare
1800 1541 1879 1566 tem-

55 1604 242 1638 pestuosum
267 1600 374 1628 reddit
399 1599 487 1628 nulla
512 1599 708 1636 prosperitas
734 1599 828 1627 nenio
854 1597 933 1637 (510)
959 1598 1103 1626 arrideat
1127 1606 1152 1636 γ.
1179 1599 1334 1634 appareat.
1361 1595 1419 1623 hoc
1445 1599 1494 1623 cst
1519 1595 1587 1623 siue
1612 1595 1734 1624 oriente
1761 1594 1879 1623 orione.

55 1657 124 1685 siue
149 1657 323 1686 occidente.
349 1656 438 1684 aliud
463 1656 553 1684 sidus
579 1665 641 1684 non
667 1655 838 1683 subueniat
862 1654 987 1683 maenio.
1007 1663 1032 1694 γ.
1059 1654 1116 1682 scil
1142 1656 1234 1682 nocte
1265 1652 1308 1680 fh.
1357 1651 1392 1689 2)
1424 1651 1602 1688 Virgiliana
1619 1651 1705 1688 R‚fh.
1726 1651 1794 1680 rell.
1814 1660 1881 1679 uer-

55 1714 127 1752 gilii
142 1713 184 1749 M,
209 1713 340 1750 Virgilii
369 1713 399 1748 2,
425 1722 471 1749 η’,
497 1712 592 1749 uirgi.
619 1722 646 1741 a.
695 1712 730 1750 4)
755 1710 884 1739 eiulatio
908 1710 941 1739 M
965 1711 1015 1739 bis
1041 1713 1102 1738 etc.
1129 1708 1204 1739 conf
1237 1708 1311 1737 Acr.
1330 1725 1371 1727 —-
1391 1707 1446 1744 qui
1468 1707 1511 1735 M.
1537 1707 1616 1745 quod
1639 1711 1681 1736 est
1704 1716 1764 1736 0111.
1790 1717 1815 1736 r.
1842 1706 1884 1735 ad

56 1771 89 1799 id
115 1770 170 1808 qui
192 1769 227 1798 R.
254 1779 286 1811 γε
325 1768 472 1798 heiulatio.
499 1769 625 1806 glossa:
662 1768 828 1805 genitiuus
857 1766 893 1805 (l.
921 1767 1076 1804 gemitus)
1101 1766 1206 1794 uirilis
1232 1768 1291 1794 est.
1319 1764 1480 1793 scholion:
1518 1773 1579 1792 non
1609 1764 1735 1801 genitus
1764 1763 1800 1802 (1.
1826 1772 1881 1800 ge-

55 1827 169 1866 mitus)
196 1827 249 1864 qui
276 1826 381 1855 uirilis
401 1830 449 1854 est
466 1826 520 1854 sed
545 1824 664 1854 eiulatio
689 1833 770 1862 quae
795 1824 932 1853 feminea
958 1827 1016 1852 est.
1047 1822 1197 1852 heiulatio
1224 1826 1330 1850 autem
1358 1824 1407 1849 est
1432 1820 1600 1849 mulierum
1626 1820 1694 1848 siue
1720 1819 1882 1848 infantum

58 1883 172 1913 clamor
196 1883 331 1911 uim-um
358 1881 448 1920 (510),
477 1882 628 1910 similiter
653 1880 692 1909 C:
728 1890 787 1909 non.
810 1879 911 1908 uirilis
935 1878 1065 1915 eiulatio,
1104 1878 1157 1907 sed
1185 1878 1313 1906 femina.
1340 1886 1412 1905 nam
1440 1876 1573 1905 eiulatio
1605 1879 1654 1905 est
1680 1875 1882 1911 feminarum,

56 1939 170 1979 vagitus
201 1939 374 1974 infantum,
413 1939 530 1967 clamor
556 1942 587 1966 et
613 1938 753 1975 gemitus
779 1938 932 1965 uirorum.
999 1936 1033 1974 5)
1060 1935 1139 1963 flens
1165 1934 1201 1962 R.
1227 1942 1326 1968 τοῖος
1354 1933 1401 1961 fh.
1430 1941 1667 1973 ονοματοποια
1693 1942 1739 1961 rv.
1767 1941 1883 1972 ονομα-

57 2005 247 2027 ‘toi-»vocem
264 1995 307 2024 M.
359 1995 393 2033 6)
418 1994 524 2024 Ionius
542 1994 575 2022 M
593 1997 651 2023 etc.
680 1993 760 2022 conf.
787 1992 859 2022 Acr.
885 1992 987 2022 Notho
1013 1993 1032 2021 b
1051 1991 1146 2020 Bern.
1166 1990 1235 2025 AB,
1261 1994 1293 2018 ut
1320 1989 1473 2031 RszDP.
1501 1992 1590 2018 notus
1615 1989 1702 2018 Parr.
1720 1988 1758 2017 A.
1776 1997 1809 2030 γε
1843 1988 1883 2017 al.

58 2057 127 2084 noto
152 2063 222 2082 cum
248 2053 371 2091 glossa:
397 2052 454 2080 udo
477 2055 544 2080 noto
568 2054 793 2088 tempestatem
818 2049 972 2079 mouenti.
998 2048 1127 2077 Ambr.:
1159 2051 1248 2076 notus
1272 2046 1312 2075 al.
1339 2049 1409 2075 noto
1438 2047 1451 2073 1
1480 2055 1522 2075 m.
1550 2045 1662 2075 nothus
1687 2045 1714 2074 E
1742 2046 1759 2074 2
1784 2055 1825 2074 m.
1852 2045 1884 2074 in

59 2119 171 2139 rasura
195 2108 279 2138 othus
304 2118 375 2137 cum
401 2107 576 2137 contradic.
603 2107 707 2144 glossa
735 2106 795 2144 (z
819 2105 906 2148 Βφ);
932 2108 1024 2134 uento
1048 2104 1102 2142 qui
1128 2108 1177 2133 est
1201 2103 1380 2140 pluuiosus.
1406 2102 1474 2130 rell.
1502 2105 1580 2130 noto.
1620 2118 1660 2122 »-
1699 2105 1795 2130 autem
1820 2111 1881 2131 om.

60 2165 96 2193 R.
123 2164 151 2199 Q
176 2165 321 2193 lacunam
346 2167 421 2192 ante
453 2163 515 2192 Udo
540 2162 741 2192 statuendam
769 2162 957 2199 suspicatur.
983 2170 1018 2202 γε
1054 2161 1117 2188 udo
1146 2160 1219 2188 sinu
1244 2159 1386 2187 uelorum
1422 2158 1556 2187 scilicet.
1592 2159 1677 2187 sinus
1712 2158 1764 2187 uel
1801 2159 1882 2187 sinu.

61 2221 141 2250 sinu.
167 2220 264 2249 Bern.
285 2220 320 2250 C.
346 2221 417 2249 Par.
443 2220 483 2248 A.
510 2229 598 2257 pure,
624 2219 650 2247 E
677 2228 747 2247 cum
772 2228 892 2247 rasura.
920 2218 1029 2247 Ambr.
1057 2218 1127 2246 sinu
1152 2217 1191 2245 al.
1220 2216 1307 2245 sinus
1335 2217 1349 2244 1
1377 2225 1418 2244 m.
1444 2214 1513 2246 udo.
1542 2215 1684 2252 pluuiali,
1711 2224 1830 2252 aquoso
1848 2213 1883 2244 C.

61 2286 179 2315 aquoso
204 2277 264 2319 Βφ.
329 2277 363 2314 8)
390 2276 500 2305 melius
536 2276 638 2305 intell.
678 2275 782 2304 R2crv
807 2278 839 2303 et
863 2275 897 2303 M
926 2273 971 2312 (Q
1003 2274 1023 2302 l.
1056 2273 1076 2301 1.
1109 2282 1169 2302 0111.
1203 2271 1340 2309 Halm)
1373 2271 1440 2300 rell.
1474 2270 1598 2300 Maeuii.
1632 2271 1822 2308 intellegam
1853 2270 1886 2299 M

62 2332 213 2371 (Halm).
262 2333 296 2372 9)
321 2337 355 2362 ut
380 2333 412 2361 M
438 2332 577 2371 (Halm.)
601 2336 629 2360 et
651 2330 835 2370 ARQGUQ).
862 2331 929 2373 Βφε
964 2330 1129 2359 Promittit
1157 2338 1190 2358 se
1216 2329 1465 2366 tempestatibus
1492 2328 1731 2356 immolaturum
1757 2336 1886 2364 caprum

61 2389 268 2419 libidinosum
294 2393 325 2418 et
350 2398 465 2427 aguam
491 2389 516 2417 51
542 2389 679 2426 opimam
706 2388 858 2425 praedam
886 2387 895 2415 i
932 2386 1037 2423 ipsum
1072 2386 1212 2415 menium
1248 2385 1370 2422 mergis
1407 2384 1566 2413 dederint.
1611 2383 1745 2421 Opimam
1780 2386 1887 2412 autem

56 2445 207 2484 praedam
231 2446 311 2475 dicit
335 2455 449 2483 corpus
474 2445 582 2474 meuii.
608 2445 772 2482 significat
797 2452 867 2472 eum
885 2443 1037 2481 pinguem
1064 2451 1143 2471 esse.
1168 2442 1230 2470 Per
1254 2451 1379 2479 caprum
1397 2441 1493 2470 etiam
1513 2441 1615 2478 ipsum
1630 2441 1771 2469 menium
1789 2440 1887 2469 fuisse

62 2502 273 2531 libidinosum
299 2505 329 2530 et
354 2511 411 2539 per
435 2511 545 2540 agnam
568 2501 729 2530 timidum.

175 2557 330 2587 ACRON.
380 2557 432 2586 Ad
458 2557 574 2586 Pelium
599 2558 719 2594 primus
744 2565 855 2584 uersus
881 2555 1041 2584 ternarius
1067 2554 1219 2583 iambicus
1246 2554 1403 2583 secundus
1421 2553 1449 2582 A
1468 2552 1571 2593 (Aer.)
1597 2553 1647 2581 Ad
1672 2562 1773 2590 marg.
1801 2553 1886 2582 idem

64 2613 180 2643 habet:
218 2615 338 2651 primus
365 2623 476 2642 uersus
503 2613 596 2642 iamb.
622 2617 704 2641 tern.
731 2612 888 2641 secundus
915 2611 1003 2648 elego
1028 2610 1193 2639 iambicus.
1228 2610 1392 2639 scanditur
1417 2611 1483 2639 ita:
1521 2610 1669 2639 scribere.
1702 2609 1887 2638 uersicolos.

65 2679 146 2699 amo.
173 2679 206 2699 re
230 2679 294 2707 per.
328 2679 453 2699 cussum
479 2670 569 2706 graui
596 2668 654 2706 (Ξ
679 2667 816 2706 Ambr.).
841 2667 941 2696 Initio
967 2667 1174 2696 scholiorum:
1207 2665 1296 2703 Eque
1322 2666 1477 2695 iambicus
1503 2669 1631 2695 constat
1657 2674 1698 2694 ex
1723 2668 1887 2702 penteme-

64 2736 149 2756 mere
174 2731 205 2756 et
232 2728 373 2756 iambico.
405 2727 460 2755 alii
486 2727 597 2755 dicunt
624 2736 694 2755 eum
721 2721 895 2754 infnarium
922 2724 1092 2753 iambicum
1111 2723 1302 2761 quadratum
1320 2732 1338 2751 a
1356 2723 1476 2751 dactilo
1495 2726 1526 2751 ct
1544 2722 1690 2751 iambico.
1710 2721 1738 2749 A
1756 2719 1886 2758 (Hor.):

67 2782 172 2811 Petitio
198 2783 276 2821 (sic)
302 2784 403 2812 amico
430 2793 485 2812 suo
511 2783 646 2811 inuisam
672 2783 733 2811 sibi
759 2782 903 2819 poeticen
927 2784 962 2810 ut
988 2781 1017 2809 K
1043 2780 1137 2808 Fran.
1166 2778 1334 2816 (poeticem
1357 2778 1468 2807 Ambr.
1497 2779 1531 2806 ce
1546 2777 1589 2815 E)
1616 2787 1687 2806 esse
1712 2778 1744 2806 in
1769 2778 1888 2806 conbu-

66 2839 153 2868 bitus
179 2848 252 2868 suos
277 2839 353 2875 (0111.
368 2839 414 2877 Η)
441 2840 678 2875 irrumpentem.
704 2838 751 2867 K:
776 2838 880 2867 Pectio
907 2854 945 2857 —
973 2837 1218 2873 inrumpentem.
1245 2835 1353 2863 Pettio
1380 2833 1412 2871 (1
1432 2835 1488 2872 m.)
1505 2834 1542 2870 E,
1568 2834 1622 2871 qui
1648 2834 1793 2871 adiungit
1817 2834 1888 2862 uoci

67 2893 315 2932 irrumpentem:
353 2895 393 2923 ad
430 2894 556 2932 pettz’um
588 2895 626 2923 de
658 2894 817 2922 inacliiam
849 2892 990 2930 (inachia
1020 2891 1129 2920 Ambr.
1156 2891 1246 2919 Harl.
1278 2890 1371 2918 Fran.
1404 2888 1627 2932 ysszpDHPRU
1660 2898 1755 2927 quam
1780 2890 1891 2927 diligit

68 2951 230 2979 ternarius
261 2951 416 2979 iambicus
448 2951 621 2988 quadratus
652 2950 832 2988 conpositus
857 2959 875 2978 a
900 2949 1017 2977 dactilo
1043 2949 1075 2976 in
1101 2948 1242 2976 iambum
1268 2945 1448 2983 (iambicam
1477 2944 1586 2974 Ambr.
1611 2945 1705 2973 Fran.
1730 2945 1784 2974 bH
1810 2945 1888 2983 etc.)

70 3007 263 3044 compositus
289 3006 353 3047 (Hy
381 3006 488 3045 Harl.)
514 3016 574 3035 om.
600 3006 691 3034 Harl.
717 3006 812 3034 Fran.
837 3004 962 3048 γΒφΡῧῑ.
988 3004 1105 3033 Ρεεῖῒίο
1122 3003 1162 3032 H.
1188 3002 1283 3039 Pelio,
1314 3002 1344 3030 in
1369 3004 1523 3030 contextu
1547 3002 1642 3038 pecti,
1667 3001 1761 3030 Fran.
1783 3019 1817 3022 -
1835 3001 1891 3030 Al-

70 3065 173 3091 teram
187 3063 281 3091 inscr.
296 3063 417 3092 habent
431 3062 521 3091 codd.
540 3062 618 3091 dicti
636 3062 676 3090 ad
694 3071 723 3090 u.
742 3062 912 3090 inachiam.
931 3062 967 3090 b:
983 3060 1043 3089 AD
1061 3049 1308 3096 PPET1V(sie>
1327 3056 1385 3086 DE
1403 3056 1587 3087 INACHIA
1606 3049 1694 3092 QVX
1712 3056 1889 3086 DILIGIT.

72 3121 153 3147 tern.
180 3118 274 3147 iamb.
301 3119 410 3156 quadr.
438 3127 537 3155 comp.
564 3127 582 3146 a
607 3118 726 3147 dactilo
752 3118 784 3146 in
810 3118 992 3148 iambicum.
1018 3115 1068 3144 Ad
1093 3116 1221 3153 pettium
1252 3114 1291 3143 de
1316 3113 1442 3142 inachia
1467 3123 1562 3152 quam
1588 3114 1709 3152 diligit.
1737 3112 1891 3151 (pectium

72 3174 138 3203 DP.
165 3174 262 3203 Bern.
289 3173 313 3203 C
339 3175 461 3212 petium
486 3174 583 3204 Bern.
611 3173 676 3212 Β.).
703 3173 844 3203 Pettium
868 3173 958 3201 Harl.
984 3171 1099 3213 γΒφΗ.
1127 3171 1198 3201 Ode
1221 3170 1350 3199 CXIIII.
1377 3169 1429 3198 Ad
1454 3169 1592 3199 Paccium
1618 3170 1653 3199 R.

167 3230 222 3268 14)
247 3230 330 3259 Pecti
356 3248 394 3250 *-
422 3231 557 3260 iambico
586 3229 701 3268 (iambo
727 3230 756 3268 r)
781 3228 935 3258 rmvcafh.

1920 662 1938 691 05!

1903 1025 1942 1057 10
