2170 3460
858 217 907 248 IN
934 217 1077 248 CARM.
1105 219 1171 255 111,
1198 224 1226 249 4.
1878 213 1957 253 265

135 339 249 381 caelo
281 345 320 380 et
351 337 544 393 Calliope
575 338 737 393 regina,
770 353 849 393 age
881 338 949 380 dic
980 339 1153 393 longum
1184 340 1323 381 melos.
1386 343 1510 384 Melos
1541 351 1678 385 autem
1722 345 1959 398 specialiter

133 411 217 453 dici
247 411 394 452 uolunt
424 420 590 452 cantum
622 411 897 465 pastoralcm;
933 410 1012 466 [est
1044 418 1182 452 autem
1213 411 1509 454 indeclinabile
1540 417 1674 456 neutri
1707 418 1907 474 generis]

245 486 282 526 3.
315 494 447 526 acuta.
507 484 680 534 Sonora,
712 483 886 537 liquida,
919 484 1194 525 conueniente
1226 485 1429 527 melodiis.

246 559 405 599 (ineditis.
464 556 581 598 Dum
612 557 665 597 ad
697 561 824 598 solam
859 555 1083 611 Calliopen
1114 558 1366 612 loqueretur,
1405 559 1509 599 (lixit
1548 562 1708 610 audilis,
1756 570 1796 601 ut
1830 571 1891 603 est
1921 571 1957 604 et

134 631 202 686 (A.
233 631 316 682 IX,
350 632 469 686 525):
514 632 598 678 l'os,
631 647 651 671 ο
688 631 875 685 Calliope,
916 645 1076 687 precor,
1124 632 1329 686 adspirate
1377 635 1543 680 amenti,
1591 640 1629 673 et
1675 635 1795 687 quasi
1840 635 1959 676 Dcac

133 705 414 760 praesentiam
445 719 487 746 se
533 703 685 746 sentire
730 704 797 753 ait,
844 709 1057 757 tamquam
1089 704 1248 745 ucncrit
1281 704 1475 746 inuocata
1507 705 1536 761 [,
1571 706 1682 760 quod
1725 707 1962 761 appellatur

136 777 461 834 ἐνθουσιασμός]

246 854 282 893 5.
316 852 351 892 6.
385 851 573 892 amabilis.
647 851 818 892 Insania
849 857 922 899 est,
970 850 1081 904 quod
1112 850 1349 904 appellatur
1381 852 1689 906 ὲνῦουσιασμός,
1737 855 1852 895 suror
1882 869 1959 909 po-

133 930 304 965 etarum.
368 926 430 965 ,1η
461 939 520 965 *nie
553 924 656 965 ludit
686 938 762 964 (mn.
793 925 867 965 ins.
943 922 1070 964 Vclut
1100 923 1366 979 interrogans
1397 925 1560 967 sodales
1592 942 1687 968 suos
1718 927 1868 981 posuit,
1916 928 1959 967 id

133 1006 205 1047 est,
238 1013 304 1047 an,
336 997 435 1038 dum
467 1012 589 1052 spero
621 1011 686 1037 me
718 996 854 1037 audiri
886 1011 910 1036 a
941 1003 979 1037 te
1013 995 1073 1052 [ct
1103 1011 1195 1037 erro
1227 997 1301 1053 et]‚
1333 1013 1416 1038 non
1447 999 1606 1048 audior,
1649 1000 1691 1040 id
1723 1007 1795 1050 est,
1843 1001 1958 1041 deci-

133 1071 226 1125 pior
272 1071 406 1112 dulcis
451 1085 592 1112 amore
623 1070 816 1125 poetico?
891 1068 1011 1111 Ordo
1043 1077 1122 1111 est:
1169 1070 1331 1112 Videor
1362 1071 1526 1121 audire,
1573 1079 1613 1113 et>
1642 1073 1789 1114 uideor
1819 1088 1960 1115 errare

133 1159 211 1199 per
240 1144 332 1199 pios
362 1144 490 1193 lucos,
524 1143 566 1183 id
599 1150 672 1193 est,
704 1143 852 1184 uideor
882 1142 984 1183 mihi
1016 1143 1184 1193 audire,
1231 1144 1319 1185 scil.
1353 1151 1498 1185 cantus
1528 1153 1701 1195 uestros,
1747 1152 1960 1201 tamquam

134 1217 311 1259 diceret:
358 1231 456 1257 uere
494 1217 613 1271 (ne?)
661 1216 784 1257 audio
824 1222 970 1257 cantus
1007 1223 1180 1266 uestros,
1227 1224 1267 1257 et
1306 1217 1411 1259 lucis
1449 1217 1675 1259 intersum?
1721 1234 1775 1259 an
1820 1234 1961 1261 errore

133 1291 283 1332 mentis
314 1290 537 1344 imaginor,
570 1304 693 1344 quem
725 1289 860 1330 studio
892 1290 1068 1344 concepi
1099 1289 1314 1344 poeticae?
1374 1288 1445 1331 An
1470 1291 1619 1347 [certe]
1658 1307 1734 1347 per
1765 1307 1962 1334 amoenos

133 1364 249 1406 lucos
279 1362 416 1418 Elysii
446 1377 544 1404 uere
574 1363 699 1404 uideo
729 1362 877 1403 Musas
908 1364 1078 1404 errare?

246 1439 282 1478 7.
307 1451 384 1494 per
414 1437 534 1478 lucos.
594 1435 679 1477 Per
709 1450 882 1477 nemora
911 1435 1142 1477 Musarum.
1176 1451 1375 1479 amoenae.
1406 1437 1706 1480 Delectabiles.

247 1512 284 1552 8.
316 1511 496 1552 subeunt.
554 1508 877 1550 Praeter-fluunt.

245 1586 282 1625 9.
314 1585 380 1627 Me
408 1584 629 1638 fabulosae,
669 1583 827 1624 Volture
856 1584 898 1623 in
920 1584 1065 1639 Apulo,
1101 1584 1262 1625 Altre'cis
1294 1593 1411 1626 extra
1443 1585 1561 1627 limen
1584 1587 1765 1642 Apuliae,
1799 1586 1893 1628 ludo
1915 1612 1955 1617 —

132 1689 171 1726 A,
197 1699 256 1719 om.
284 1692 331 1718 est-
350 1706 389 1709 ἡ
408 1690 546 1726 generis.
588 1688 626 1718 2:
653 1688 736 1726 long.
764 1688 863 1717 melos
889 1688 922 1716 id
949 1691 1007 1722 est,
1035 1692 1119 1717 cant.
1145 1689 1350 1726 pastoralem,
1377 1699 1437 1719 om.
1463 1691 1564 1719 melos
1592 1708 1631 1711 »Α
1659 1691 1782 1720 uolunt.
1823 1700 1861 1732 γε
1891 1701 1963 1728 spe-

133 1745 240 1775 cialem
269 1763 306 1766 -
330 1746 538 1783 postoralem,
566 1755 626 1775 om.
655 1749 703 1774 est
736 1763 769 1765 —
796 1745 933 1782 generis.
970 1745 1100 1781 glossa:
1132 1745 1231 1774 melos.
1258 1747 1363 1775 neutri
1389 1747 1528 1783 generis.
1578 1745 1624 1776 C:
1653 1751 1702 1777 est
1727 1751 1834 1777 autem
1861 1748 1963 1777 melos

133 1806 243 1832 cantus
268 1803 375 1831 suauis
401 1802 516 1831 indeel.
544 1802 648 1831 neutri
674 1802 815 1839 generis.
861 1801 938 1829 haec
964 1801 1068 1838 priora
1094 1801 1215 1830 scholia
1244 1803 1256 1830 1
1278 1820 1319 1822 Ἦ
1338 1803 1374 1831 10
1402 1812 1464 1831 om.
1490 1803 1521 1831 b.

247 1860 281 1899 3)
307 1859 459 1889 comediis
486 1860 514 1888 2.
546 1859 699 1888 coinediis
725 1857 773 1899 Ay
799 1856 857 1895 (Ξ
882 1858 1064 1896 commod).
1089 1859 1238 1887 melodiis
1270 1868 1325 1887 seu
1351 1859 1480 1888 chordis
1507 1859 1648 1888 citharae
1674 1858 1710 1889 C.
1760 1859 1794 1898 4)
1821 1859 1959 1896 Auditis,

134 1925 197 1946 non
221 1916 350 1945 audiris.
377 1917 433 1945 lib.
451 1915 525 1945 Aer.
546 1919 577 1945 et
593 1915 732 1945 Horatii.
753 1914 895 1952 caliopen
914 1923 980 1955 ·(‚r.
1001 1932 1041 1935 ›r—
1060 1918 1096 1944 ut
1120 1918 1163 1943 est
1186 1919 1214 1943 et
1230 1914 1310 1957 Αγὶ).
1331 1918 1364 1943 ut
1381 1919 1407 1944 et
1422 1915 1459 1944 R.
1478 1919 1511 1944 ut
1528 1920 1570 1944 est
1587 1926 1610 1944 r.
1629 1916 1698 1945 rell.
1718 1926 1778 1945 om.
1798 1921 1839 1946 est
1855 1920 1889 1945 et.
1909 1926 1960 1945 ca-

133 1974 218 2011 liope
242 1983 296 2013 W·
321 1976 357 2002 ut
382 1972 466 2002 Med.
492 1973 586 2011 Verg.
619 1973 668 2001 De
694 1972 810 2009 plurali
842 1970 881 2000 cf.
910 1970 1000 2000 Seru.
1035 1971 1075 1999 ad
1107 1981 1136 1999 u.
1172 1972 1246 2001 257.
1289 1970 1391 2000 Locus
1424 1972 1510 2000 laud.
1543 1982 1561 2000 a
1592 1972 1691 2004 Prisc.
1728 1973 1789 2002 731
1825 1976 1856 2002 et
1888 1974 1962 2001 821.

133 2030 240 2059 Rufin.
260 2031 322 2059 252
342 2030 378 2059 R.
396 2030 514 2060 Donat.
534 2030 574 2058 ad
593 2029 667 2058 Ter.
684 2029 761 2058 Hoc.
782 2028 834 2065 IV7
855 2029 884 2065 -1,
904 2028 956 2056 42.
1006 2028 1040 2067 5)
1060 2028 1177 2065 adspir.
1198 2028 1235 2057 A.
1286 2029 1320 2067 G)
1340 2029 1536 2066 presentiam
1555 2029 1676 2058 sentire
1701 2030 1747 2058 ait
1765 2030 1796 2060 b.
1824 2047 1861 2050 —
1890 2030 1964 2058 hinc

135 2087 256 2117 scholio
281 2088 314 2116 in
338 2087 430 2116 libris
455 2087 519 2114 adi.
545 2090 618 2115 sunt.
642 2086 759 2114 uerba:
799 2084 877 2123 ([ιιοίί
900 2084 1071 2122 appellatur
1098 2084 1328 2125 (A-[bRfl'mva.
1364 2085 1486 2114 dieitur
1513 2086 1542 2113 2.
1578 2085 1778 2123 apellabatur
1803 2086 1883 2125 th)
1910 2084 1961 2116 ἐν-

135 2139 339 2184 θουσιασμος.
377 2139 440 2173 evil.
466 2141 571 2177 thQ.
609 2143 733 2171 entheas.
759 2151 819 2170 ma.
859 2141 1081 2180 enthysiames
1108 2141 1143 2170 R.
1182 2140 1391 2170 enthc'siamos
1418 2151 1447 2170 v.
1487 2141 1671 2171 entisiamos
1696 2152 1723 2184 γ.
1765 2142 1963 2173 entisiasmos

135 2199 194 2229 Ab.
222 2200 427 2229 antisiasmos
452 2208 477 2228 r.
518 2198 648 2227 insania.
675 2198 761 2227 furor
786 2202 951 2235 poetarum
976 2198 1006 2227 A
1033 2203 1064 2228 et
1089 2208 1105 2239 γ
1130 2200 1185 2237 qui
1211 2199 1318 2228 addit:
1346 2200 1365 2228 i.
1392 2199 1522 2228 uidetur
1545 2199 1619 2228 mihi
1642 2204 1673 2229 ut
1696 2200 1827 2230 audiam.
1865 2201 1962 2230 (anal).

139 2255 270 2285 insania.
309 2255 511 2284 delectabilis
537 2254 624 2283 furor
649 2254 831 2289 Poetarum,
858 2250 1085 2295 ἐνθουσιασμός
1111 2254 1148 2284 C.
1180 2254 1207 2290 Q
1234 2260 1321 2285 recta
1347 2257 1539 2285 emendandi
1566 2257 1619 2285 uia
1644 2257 1779 2286 haerens
1805 2257 1866 2286 ait:
1895 2258 1966 2286 ‘hoc

137 2321 260 2350 quoque
284 2312 381 2341 schol.
407 2312 479 2340 aliis
505 2311 711 2349 purgandum
734 2311 902 2348 relinquo.’
964 2311 999 2349 9)
1028 2311 1061 2340 id
1086 2315 1146 2348 est,
1173 2321 1214 2340 an
1234 2330 1274 2332 -—
1292 2316 1419 2341 uestros
1445 2322 1506 2342 om.
1534 2313 1572 2342 A.
1610 2313 1707 2342 Velut
1732 2314 1889 2351 interrog.
1921 2331 1962 2333 -—

137 2373 262 2398 uestros
289 2378 348 2398 om.
373 2369 404 2397 b.
436 2385 475 2388 ψ
510 2376 559 2396 me
585 2376 676 2405 spero
706 2369 731 2395 l.
775 2371 804 2396 et
833 2377 900 2397 erro
924 2376 982 2396 om.
1009 2367 1193 2408 yRi‘erv.
1235 2369 1309 2397 dum
1336 2378 1427 2406 spero
1453 2378 1503 2398 me
1528 2369 1642 2397 audire
1667 2378 1736 2399 erro
1763 2374 1794 2398 et
1821 2379 1883 2399 non
1909 2379 1964 2398 au-

136 2425 187 2454 dio
212 2434 238 2453 a.
289 2424 345 2462 11)
373 2424 481 2453 audire
507 2424 606 2459 2‚afh.
633 2424 745 2452 audire
770 2422 802 2461 (e
827 2427 907 2455 mut.
936 2424 969 2453 in
996 2425 1020 2463 i)
1047 2424 1083 2453 R.
1116 2425 1184 2454 rell.
1211 2424 1324 2456 audiri.
1377 2423 1441 2464 12)
1460 2426 1583 2454 uidetur
1608 2426 1688 2454 mihi
1713 2426 1855 2463 R2‚rmv.
1908 2427 1963 2464 13)

137 2490 253 2510 uerene
277 2481 313 2511 C.
354 2484 467 2510 cantus
492 2490 521 2509 11.
549 2484 580 2510 et
606 2490 646 2509 111.
674 2481 827 2509 intersum
852 2490 913 2510 om.
942 2481 970 2512 2.
1010 2484 1136 2511 uestros
1162 2491 1222 2511 om.
1250 2480 1348 2516 ath.
1399 2499 1439 2502 —
1495 2491 1535 2510 (m
1560 2480 1746 2522 A7R12‚C.
1787 2482 1857 2511 rell.
1903 2486 1963 2511 (cut.

139 2547 271 2567 errorem
284 2537 324 2566 A.
341 2546 456 2566 errores
481 2537 511 2565 b.
536 2536 604 2565 rell.
634 2546 744 2566 errore.
797 2536 852 2574 14)
880 2540 965 2574 poet.
992 2538 1121 2575 concepi
1146 2537 1184 2566 R.
1210 2538 1330 2574 poetice
1355 2537 1462 2579 A-(bI-t.
1489 2538 1561 2567 edd.
1588 2539 1720 2575 poetico.
1749 2539 1863 2576 scripsi
1890 2548 1964 2575 poe-

137 2595 230 2623 ticae.
264 2594 301 2622 cf.
327 2593 442 2630 Porph.
479 2592 546 2622 Aut
564 2610 604 2613 κνῆ
624 2601 729 2622 errare
754 2602 812 2622 om.
841 2591 877 2622 C.
918 2593 977 2621 Aac
1000 2593 1085 2622 libri.
1113 2594 1227 2631 scripsi
1253 2594 1310 2623 An.
1354 2598 1437 2623 certe
1463 2604 1523 2623 om.
1550 2594 1579 2622 2.
1623 2592 1757 2623 Glossae
1782 2594 1821 2622 ad
1838 2604 1870 2622 u.
1891 2596 1908 2623 7
1935 2598 1967 2623 et

139 2650 157 2678 8
183 2659 223 2679 ex
250 2648 348 2691 A«(,C.
376 2649 533 2678 delectab.
561 2658 621 2678 om.
638 2648 676 2677 A.
692 2649 758 2685 rell,
786 2658 845 2678 om.
871 2650 1007 2687 glossas.
1060 2650 1114 2687 18)
1141 2649 1249 2678 Schol.
1269 2649 1498 2679 difficillimum
1517 2651 1580 2679 iam
1599 2650 1781 2687 antiquitus
1800 2651 1964 2678 uitiatum.

137 2706 291 2744 Princeps
317 2709 425 2735 autem
449 2705 538 2734 labes
565 2708 613 2734 est
638 2708 770 2734 uetusta
794 2706 852 2734 illa
875 2706 971 2734 lectio
997 2705 1148 2734 uarians:
1176 2706 1217 2734 al.
1244 2705 1348 2735 limina
1367 2707 1461 2744 pullle
1485 2716 1503 2748 γ
1526 2706 1557 2735 in
1580 2706 1691 2736 scholio
1717 2705 1820 2742 (limen
1845 2705 1966 2743 apuliae

139 2763 173 2791 in
197 2761 312 2800 Hon),
354 2771 434 2799 quae
460 2762 523 2791 iam
549 2761 680 2790 transiit,
706 2762 739 2790 111
765 2765 828 2791 uet.
854 2761 901 2791 K:
943 2762 1057 2790 limina
1081 2762 1200 2799 palliae
1226 2761 1357 2800 (polliae
1382 2762 1559 2801 Mueller).
1600 2762 1680 2791 Inde
1705 2761 1904 2791 Froehnerus
1931 2763 1966 2791 111

138 2819 307 2856 Philologo
332 2818 409 2855 XII,
439 2819 453 2847 1
491 2818 625 2848 Horatio
664 2827 779 2847 nomen
809 2819 945 2848 nutricis
977 2827 1086 2847 eruere
1117 2822 1212 2856 atque
1243 2819 1509 2856 inscriptionibus
1541 2819 1745 2855 comprobare
1780 2819 1965 2856 temptauit,

140 2874 285 2910 Quodam
311 2875 449 2904 calidius
475 2875 709 2912 adstipulante.
757 2874 803 2904 At
826 2884 901 2905 uero
926 2884 1042 2904 nomen
1067 2875 1149 2903 illud
1180 2884 1283 2912 neque
1325 2876 1569 2904 ‘restituendum
1606 2880 1692 2904 certo
1731 2876 1848 2904 certius
1875 2876 1966 2904 uide-

140 2932 200 2961 tur⁷
228 2940 330 2970 neque
356 2932 407 2961 uel
433 2932 500 2961 ueri
527 2932 631 2960 simile
657 2931 838 2961 dicendum.
872 2931 946 2961 Una
971 2932 1056 2961 enim
1082 2932 1264 2969 corruptela
1288 2932 1389 2960 altera
1415 2931 1542 2960 nititur.
1576 2930 1659 2960 Fons
1686 2931 1772 2960 illius
1798 2934 1847 2960 est
1871 2931 1966 2960 lectio

138 2987 274 3023 nutricis,
301 2997 358 3025 per
381 2991 512 3017 uetusta
537 2987 676 3025 quidem⁷
703 2988 822 3026 quippe
848 2989 943 3017 obuia
968 2990 1001 3018 in
1028 2988 1147 3017 Bernn.
1175 2988 1255 3024 KA,
1281 2989 1369 3016 Parr.
1397 2987 1519 3024 AFEP,
1546 2987 1680 3025 Franeq.
1707 2988 1847 3026 aliique,
1887 2998 1965 3026 quos

140 3044 192 3072 hic
218 3053 402 3073 enumerare
429 3054 530 3082 neque
556 3044 646 3073 iuuat
678 3053 781 3083 neque
818 3046 940 3083 placet,
983 3045 1038 3074 sed
1070 3045 1156 3073 haud
1188 3043 1406 3081 infrequenter
1437 3047 1493 3072 aut
1525 3044 1804 3081 interpretamenti
1836 3053 1966 3073 munere

141 3099 292 3137 fungens,
316 3105 353 3130 ut.
378 3101 411 3129 111
436 3111 511 3130 mss.
538 3101 583 3129 sic
609 3101 641 3129 111
667 3101 745 3138 ipsis
772 3111 850 3139 quas
875 3105 1020 3130 tenemus
1048 3100 1298 3129 scholiastarum
1326 3099 1600 3136 expositionibus,
1627 3103 1682 3128 aut
1708 3100 1755 3128 ita
1780 3103 1903 3136 notata,
1930 3104 1965 3129 ut

141 3155 256 3184 altricis
281 3165 298 3184 a
326 3158 339 3184 1
367 3167 406 3185 m.
433 3160 595 3194 tamquam
620 3157 748 3186 uarians
774 3157 795 3186 i.
824 3167 849 3186 e.
874 3160 1040 3195 tamquam
1064 3156 1170 3185 uerior
1196 3159 1230 3184 at
1254 3155 1413 3184 uetustior
1431 3155 1525 3184 lectio
1543 3155 1739 3192 adscriptum
1757 3157 1799 3184 sit
1825 3157 1859 3185 in
1883 3159 1965 3184 uett.

142 3211 245 3248 codd.,
270 3215 306 3240 ut
324 3211 448 3254 BthM:
473 3211 599 3242 matricis
624 3213 664 3242 al.
690 3212 818 3242 altricis.
862 3212 1010 3243 Occurrit
1035 3215 1143 3241 autem
1168 3211 1284 3241 altricis
1310 3211 1405 3240 etiam
1430 3220 1507 3248 pure
1532 3212 1565 3240 in
1590 3215 1670 3241 uett.
1685 3212 1790 3249 codd.‚
1816 3215 1851 3240 ut
1868 3211 1964 3240 Bern.

2009 647 2025 674 Γ)

1990 1010 2026 1041 10

1990 1376 2026 1406 15
