2283 3535
680 193 877 226 CARMEN
903 194 1194 228 SAECVLARE.
1801 188 1881 228 435

176 318 240 359 29.
263 318 329 358 30.
359 317 506 371 fertilis
526 318 614 373 fip.
638 327 662 358 1.
684 333 741 373 sp.
763 318 798 358 d.
821 318 860 359 C.
885 333 915 359 c.
974 317 1144 358 Laudat
1164 317 1332 359 Italiam
1366 329 1403 360 ct
1426 327 1541 374 optat
1572 321 1741 377 frugum
1762 322 1887 362 uber-

55 398 182 433 tatem
213 397 252 432 ct
282 404 528 445 prosperam
570 405 769 445 pecorum
814 392 1030 431 foeturam.
1108 390 1235 432 Unde
1281 398 1319 432 et
1353 406 1528 434 coronas
1559 394 1702 435 offerri
1734 393 1882 436 Cereri

55 479 132 520 pro
163 463 362 506 messium
392 463 604 504 fertilitate
635 463 857 518 promittit.

167 539 232 579 31.
265 546 301 579 et
331 551 456 593 aquae
488 538 679 578 salubres.
740 535 914 586 Dulces‚
946 550 1130 587 serenae,
1163 543 1207 578 ut.
1238 535 1313 593 (G.
1345 536 1425 587 III,
1456 539 1581 593 335):
1618 541 1719 581 Tum
1751 549 1883 582 tenues

56 612 150 653 dare
180 625 326 653 rursus
356 625 482 666 aquas
512 619 548 652 et
570 624 740 666 pascere
769 624 928 651 rursus.

166 685 233 726 32.
265 693 302 726 et
329 684 443 726 Jom‘s
475 698 614 725 aurae.
674 680 859 724 Serenus
897 697 981 732 aer,
1014 689 1058 724 ut.
1089 680 1164 737 (G.
1196 682 1276 733 ΙΙΙ,
1309 684 1434 739 336);
1472 684 1579 725 Salis
1611 685 1665 726 ad
1695 699 1882 726 occasum

56 772 147 800 cum
174 758 347 812 sriyidus
377 772 475 798 aera
505 771 645 812 uesper
681 757 902 812 Temperat.

165 832 231 872 33.
264 831 418 872 condito
455 845 506 871 m.
538 830 596 886 pl.
635 838 659 871 t.
732 828 884 870 Mitem
922 837 962 870 et
997 829 1212 884 placidum
1252 838 1368 886 optat
1404 830 1663 886 Apollinem,
1710 830 1781 885 qui
1822 837 1883 871 cst

53 903 216 959 sagittis
246 911 442 946 armatus.
505 902 578 945 Sic
609 903 720 944 enim
752 903 882 945 iratus
913 902 1095 957 ponitur,
1126 909 1171 944 ut
1201 902 1273 958 (A.
1304 902 1428 955 VIII,
1461 905 1581 960 704):
1615 905 1752 946 Actius
1783 905 1882 946 haec

54 991 219 1020 cernens
250 993 395 1020 arcum
423 978 646 1019 intendebat
677 977 831 1032 Apollo.

165 1052 230 1094 35.
262 1053 437 1093 siderum
474 1067 555 1106 req.
622 1050 687 1092 Ita
724 1065 800 1105 pro
840 1050 990 1105 puellis
1030 1049 1220 1100 Lunam,
1258 1056 1303 1091 ut
1338 1049 1585 1106 Apollinem
1616 1065 1693 1105 pro
1724 1051 1879 1106 pueris,

52 1132 260 1181 precatur.

164 1200 229 1240 37.
263 1199 328 1241 38.
360 1199 491 1241 Roma
523 1200 595 1240 siu.
629 1212 727 1254 opus
758 1198 933 1253 Iliaeque
966 1198 990 1238 l.
1009 1198 1057 1238 E.
1081 1206 1105 1238 t.
1138 1206 1306 1239 turmae.
1367 1196 1415 1238 Si
1436 1196 1615 1238 Romam
1638 1197 1880 1254 (R01nae?)‚

51 1272 200 1327 inquit,
245 1272 417 1314 numina
449 1272 529 1314 coli
559 1271 737 1313 iussistis
768 1271 857 1326 (αἳ)
889 1270 1036 1312 turmis
1066 1270 1223 1321 Iliacis,
1270 1271 1432 1312 statutis
1468 1271 1618 1313 uestris
1648 1272 1798 1320 fauete,
1838 1279 1883 1311 ut

51 1360 216 1400 semper
245 1346 346 1387 felix
376 1346 441 1396 sit,
487 1352 531 1386 ut
561 1345 674 1400 apud
713 1344 823 1399 Very.
856 1342 931 1398 (A.
962 1341 1023 1393 X,
1055 1344 1151 1398 33):
1198 1346 1259 1385 sin
1299 1352 1353 1385 tot
1387 1359 1581 1400 responsa
1620 1347 1747 1386 secuti
1781 1358 1880 1399 quae

52 1420 193 1475 superi
226 1433 437 1474 inanesque
476 1418 647 1463 dabant:
690 1417 777 1458 siue
818 1422 991 1471 propter
1029 1415 1153 1457 Iliam
1190 1417 1450 1459 sacerdotem
1497 1416 1665 1459 Romuli
1706 1423 1882 1459 matrem

55 1490 266 1548 [dictam]

164 1565 229 1606 38.
263 1565 355 1606 litus
385 1565 617 1606 Etruscum.
675 1562 854 1618 Propter
883 1562 1147 1614 Euandrum,
1180 1564 1252 1619 qui
1283 1564 1370 1606 illic
1401 1565 1518 1620 prior
1548 1565 1754 1622 regnauit.

163 1638 229 1679 39.
261 1640 384 1680 iussa.
444 1637 635 1679 Deorum
666 1651 881 1692 responsa,
912 1643 957 1677 ut
987 1635 1062 1692 (A.
1093 1637 1174 1688 III,
1208 1639 1273 1693 5);
1314 1640 1510 1693 Auquriis
1540 1640 1699 1694 aqimur
1730 1639 1882 1688 diuum,

52 1717 92 1752 et
122 1710 224 1752 alibi
255 1709 328 1766 (A.
360 1710 440 1762 III,
475 1712 598 1766 161):
644 1711 869 1755 Mutandae
899 1725 1007 1765 seqes
1040 1710 1099 1767 [et
1137 1709 1210 1764 (A.
1248 1710 1326 1762 IV,
1366 1713 1490 1768 346):
1538 1712 1700 1754 Italiam
1736 1712 1882 1768 Lyciae

51 1785 201 1827 iussere
233 1799 434 1841 capessere
465 1783 622 1841 sortes]

164 1858 230 1899 40.
262 1860 405 1914 sospite
437 1873 469 1899 c.
529 1856 711 1912 Propter
741 1856 1071 1912 nauigationem,
1115 1856 1179 1914 [ut
1209 1856 1284 1913 (A.
1314 1857 1349 1908 Ι,
1382 1858 1508 1912 263);
1556 1858 1718 1900 Bellum
1746 1860 1883 1914 inqeus

49 1939 160 1987 yeret
187 1932 307 1973 Italia
330 1932 578 1988 populosque
607 1932 760 1986 feroces
797 1930 1020 1972 Contundet
1048 1945 1255 1988 moresque
1286 1933 1386 1973 uiris
1418 1940 1453 1973 et
1482 1933 1637 1973 moenia
1660 1931 1817 1988 ponet]

162 2006 229 2045 41.
262 2005 336 2046 Cui
367 2004 530 2046 Romae.
553 2019 632 2060 per
663 2004 752 2045 ard.
792 2005 874 2045 sine
902 2004 1053 2058 fraude
1088 2005 1181 2046 Tro.
1261 2003 1351 2045 Aut
1380 2011 1425 2045 ut
1455 2003 1585 2046 Troia
1622 2020 1706 2047 non
1737 2005 1882 2061 prodi—

50 2077 162 2120 tione
191 2078 406 2119 uideretur
435 2092 583 2119 euersa
613 2077 686 2119 sed
716 2077 814 2126 fato,
852 2083 923 2117 aut
952 2078 1034 2118 siue
1063 2078 1235 2132 fraude:
1281 2077 1370 2118 sine
1401 2077 1599 2128 laesione,
1644 2084 1689 2119 ut
1720 2076 1790 2133 (C.
1823 2078 1881 2130 ΙΙ,
1909 2090 1915 2099 ⁴

53 2151 118 2202 19,
150 2152 245 2207 20):
278 2152 533 2194 Bistonidum
562 2152 642 2192 siue
671 2151 819 2205 fraude
851 2151 993 2192 crines.

166 2231 201 2273 2)
226 2233 335 2264 offerri
355 2234 394 2264 A.
420 2232 528 2264 afferri
549 2233 621 2263 Par.
650 2233 747 2263 7986.
772 2231 871 2262 aferri
881 2232 917 2262 R.
944 2231 1056 2262 offerre
1073 2231 1152 2268 th.
1179 2233 1279 2263 cesari
1292 2232 1330 2263 A.
1357 2232 1514 2262 caesariR
1538 2232 1609 2263 Par.
1631 2233 1727 2263 7986.
1745 2234 1814 2264 rell.
1834 2243 1885 2264 ce-

51 2290 125 2319 reri.
151 2299 286 2320 coronas
312 2288 367 2329 pro
392 2290 503 2328 fertil.,
530 2300 590 2320 om.
616 2290 665 2328 off.
695 2289 759 2320 Cer.
787 2293 818 2319 et
842 2288 988 2327 messium,
1017 2290 1047 2318 2.
1112 2288 1148 2329 4)
1175 2293 1206 2320 et
1231 2298 1334 2328 aquae
1358 2306 1400 2311 ——
1426 2289 1598 2327 Temperat
1623 2299 1683 2319 om.
1708 2290 1799 2327 A2‚r.
1849 2292 1883 2330 5)

51 2355 160 2376 cursus
186 2346 275 2385 aquis
298 2347 335 2376 R.
385 2348 420 2386 8)
445 2348 527 2385 plac.
553 2346 623 2376 dicit
647 2346 828 2386 RNl‚rvac.
855 2345 924 2375 rell.
952 2346 995 2383 pl.
1021 2349 1112 2384 optat.
1139 2346 1215 2384 quia
1230 2346 1307 2382 th.
1325 2346 1394 2376 rell.
1421 2346 1477 2385 qui
1500 2347 1555 2384 qui
1581 2350 1608 2375 et
1631 2355 1700 2385 sag.
1727 2356 1806 2376 arm.
1833 2350 1884 2376 est

51 2412 77 2432 r.
127 2401 163 2445 9)
189 2402 242 2433 Sic
266 2420 310 2424 ——
334 2404 451 2442 Apollo
476 2413 536 2434 oni·
554 2413 579 2433 r.
607 2402 660 2433 Sic
679 2420 719 2424 —-
745 2403 878 2441 ponitur
903 2412 964 2432 om.
991 2402 1020 2431 2.
1047 2405 1083 2431 ut
1108 2402 1177 2432 AR.
1205 2403 1273 2434 rell.
1299 2412 1359 2432 om.
1386 2403 1489 2432 iratus
1504 2402 1628 2439 Actius,
1656 2413 1716 2433 om.
1742 2405 1883 2441 ponitur,

52 2468 168 2489 rmvac.
194 2459 273 2489 haec
296 2459 410 2498 Apollo
436 2469 497 2490 om.
535 2469 564 2490 v.
602 2459 715 2489 Accius
740 2459 780 2489 N.
807 2462 962 2489 armatus.
1003 2457 1057 2488 Sic
1075 2459 1159 2489 enim
1183 2469 1203 2489 α
1220 2458 1318 2497 poetis
1342 2460 1445 2489 iratus
1469 2459 1634 2497 inducitur,
1672 2462 1707 2488 ut
1732 2460 1884 2498 uirgilius

52 2516 85 2545 in
108 2515 155 2545 111
180 2525 248 2545 aen.
275 2515 392 2546 Accius
418 2516 454 2546 R.
521 2515 576 2554 10)
602 2516 755 2545 tendebat
779 2515 807 2545 R
831 2519 867 2544 ut
891 2515 940 2554 Py
967 2524 1017 2553 ap.
1043 2515 1139 2545 Ribb.
1208 2516 1263 2555 11)
1289 2516 1336 2545 Ita
1361 2525 1444 2546 omn.
1471 2516 1557 2546 libri.
1584 2515 1635 2545 Sic
1660 2516 1722 2546 inc.
1751 2516 1789 2551 Q.
1822 2516 1884 2545 Lu-

52 2582 127 2602 nam
150 2577 182 2602 ut
205 2572 371 2603 audiantur
394 2576 430 2603 ut
452 2572 561 2611 Apoll.
589 2572 630 2610 A,
656 2572 702 2602 fh.
728 2572 881 2611 pcabatur
905 2582 930 2602 r.
984 2572 1039 2611 13>
1065 2572 1196 2602 Romam
1220 2582 1306 2603 omn.
1331 2573 1417 2603 libri.
1444 2571 1655 2602 scribendum
1681 2576 1728 2602 est
1754 2572 1883 2610 Romae,

51 2633 87 2659 ut
113 2630 158 2659 sit
183 2630 358 2667 genitiuus.
385 2628 430 2665 Q:
458 2629 542 2660 ‘fort.
568 2630 756 2659 lacunosum
781 2630 842 2659 hoc
867 2629 966 2658 schol.
994 2632 1148 2667 expectes
1167 2630 1213 2659 sic
1230 2629 1313 2659 fere:
1347 2630 1374 2659 si
1399 2629 1540 2666 Romam,
1572 2630 1687 2668 inquit,
1712 2629 1885 2659 condidistis

54 2690 85 2717 et
109 2686 229 2717 Latium
253 2687 315 2716 coli
340 2687 417 2716 iuss.
444 2690 467 2716 t.
495 2687 515 2715 i.
541 2685 605 2715 Sed
630 2686 764 2716 uideant
788 2686 845 2716 alii
871 2686 956 2716 unde
981 2686 1068 2716 salus
1093 2687 1255 2725 petenda.’
1303 2686 1392 2716 Idem
1419 2686 1446 2722 Q
1478 2687 1592 2716 inculc.
1626 2686 1741 2715 turmis
1773 2685 1885 2715 italicis

53 2752 109 2781 pro
134 2747 228 2773 turm.
253 2742 367 2781 Iliacis,
394 2743 477 2782 quod
503 2752 586 2774 omn.
613 2743 689 2772 libri
713 2747 857 2773 tuentur.
908 2742 1016 2773 Scribe
1033 2753 1053 2772 a
1076 2743 1192 2772 turmis
1216 2743 1336 2772 Iliacis.
1363 2752 1396 2785 γε
1425 2742 1459 2773 Si
1485 2746 1615 2781 propter
1639 2752 1697 2773 uos
1723 2742 1810 2772 facta
1836 2746 1884 2772 est

52 2809 150 2838 roma,
176 2800 250 2839 quia
274 2800 402 2830 oraculo
428 2800 583 2838 apollinis
608 2800 729 2829 troiani
754 2800 838 2829 sicut
862 2800 957 2838 uirgl.
983 2800 1024 2829 ad.
1041 2799 1168 2829 italiam
1181 2804 1405 2838 peruenerunt.
1436 2800 1508 2829 ideo
1533 2799 1581 2828 ait
1605 2798 1655 2828 ilie
1680 2803 1782 2828 turme.
1810 2808 1884 2828 nam

53 2865 168 2886 aeneas
193 2860 303 2886 auctor
342 2860 390 2886 est
427 2857 553 2886 romani
578 2857 718 2894 generis.
746 2855 785 2886 cf.
814 2855 855 2886 C:
893 2856 930 2885 Id
955 2860 1013 2894 est,
1052 2854 1198 2895 siquidem
1214 2865 1276 2894 per
1299 2865 1356 2886 uos
1387 2856 1474 2886 faeta
1498 2855 1600 2884 Roma
1631 2858 1681 2884 est
1715 2859 1775 2885 etc.
1828 2856 1883 2894 14)

54 2913 165 2944 statuis
189 2912 235 2943 fh.
286 2913 343 2953 15)
369 2914 419 2943 sin
443 2916 491 2943 tot
515 2912 617 2951 AR,v.
642 2913 795 2942 Ribbeck.
820 2912 880 2942 sint
903 2922 920 2941 0
943 2921 1027 2951 resp.
1058 2914 1131 2950 l‚1n.
1160 2916 1233 2942 sunt
1260 2923 1276 2943 o
1301 2913 1341 2942 N.
1366 2912 1394 2941 si
1416 2916 1466 2942 tot
1491 2912 1585 2948 ath.
1616 2912 1664 2941 sin
1688 2914 1739 2942 tot
1764 2921 1825 2941 om.
1855 2912 1884 2940 2.

52 2970 125 3001 Par.
153 2971 251 3009 7986,
278 2980 303 3000 r.
354 2970 409 3010 17)
435 2971 556 3000 dictam
581 2970 627 3001 fh.
655 2970 775 3000 dictum
801 2969 841 3005 Q.
866 2970 936 2999 rell.
964 2979 1023 2999 om.
1087 2970 1142 3008 18)
1170 2970 1269 3000 schol.
1296 2969 1387 2998 uncis
1412 2969 1487 2999 incl.
1515 2968 1552 3004 Q.
1578 2969 1662 3007 prior
1687 2968 1752 2998 illic
1779 2969 1807 2997 2.
1834 2969 1883 2998 lit.

55 3026 135 3067 ete]
162 3028 337 3057 tiberinum
361 3028 441 3058 litus
466 3028 520 3065 qui
548 3026 585 3066 (l.
613 3026 701 3065 quia)
727 3027 766 3056 ab
793 3027 929 3056 etruscis
954 3027 1058 3056 oritur
1080 3035 1107 3069 γ.
1175 3026 1230 3065 19)
1257 3030 1288 3055 et
1314 3042 1356 3046 --
1382 3029 1485 3055 sortes
1510 3035 1570 3055 om.
1595 3024 1657 3055 A2.
1688 3024 1759 3054 Par.
1787 3025 1884 3055 7986.

57 3081 115 3122 21)
139 3092 302 3121 capessere
327 3084 364 3114 R.
414 3083 472 3123 22)
498 3083 678 3121 loc.-Verg.
704 3092 765 3113 om.
791 3083 841 3113 A2
868 3083 940 3113 Par.
971 3084 1096 3120 7986,r.
1147 3082 1203 3121 23)
1230 3081 1351 3112 nomina
1375 3086 1472 3120 ponet
1496 3082 1537 3112 N.
1602 3083 1658 3121 24)
1683 3082 1802 3112 Romae
1827 3081 1884 3110 AR

54 3139 125 3169 Par.
154 3140 268 3178 7987‚r
292 3141 364 3170 rell.
391 3150 451 3171 om.
477 3144 513 3170 ut
537 3150 601 3170 non
625 3141 693 3170 uid.
720 3141 820 3179 prod.⁷
847 3150 907 3170 om.
927 3140 1024 3177 troia,
1050 3140 1080 3168 2.
1129 3139 1188 3179 25)
1213 3148 1246 3181 γε
1271 3138 1336 3168 sine
1348 3137 1485 3178 fiuude]
1513 3139 1584 3169 Non
1609 3139 1672 3169 sine
1685 3137 1808 3178 fivude
1831 3146 1883 3166 ar-

55 3196 168 3226 dentem
193 3197 249 3226 sed
272 3196 335 3226 sine
346 3196 467 3236 fraude
491 3197 547 3227 iter
568 3197 694 3228 muniuit
717 3206 814 3227 eneas.
841 3197 923 3228 conf.
951 3195 975 3227 C
1003 3200 1034 3227 et
1057 3196 1177 3235 Porph.
1205 3213 1245 3216 —
1271 3195 1315 3225 ait
1337 3199 1373 3225 ut
1398 3196 1436 3225 R.

1626 3265 1676 3289 28*

1909 989 1949 1020 10

1908 1352 1947 1383 15

1909 1719 1951 1751 20
