2283 3535
695 202 929 234 ADDENDA
953 203 1013 234 ET
1039 203 1358 238 cmuuGENnA.
1826 195 1942 237 XIII

118 324 343 375 octodecim,
376 339 549 379 quorum
580 324 750 366 ultimus
782 331 921 366 tamen
954 325 1033 367 ‘V.'
1056 342 1095 367 11.
1128 327 1251 376 3260,
1284 326 1390 368 liber
1421 327 1644 382 perbonus,
1668 328 1846 371 Romam
1877 344 1942 370 rc-

117 396 264 439 ductus
294 405 334 439 et
362 397 650 439 Bibliothecae
682 397 914 440 Vaticanae
945 399 1131 440 redditus
1161 407 1233 441 est.
1309 398 1399 441 Sub
1434 400 1513 442 hoc
1546 417 1718 443 numero
1755 402 1941 444 codicem

117 470 284 526 saepius
313 470 502 526 poscenti
532 470 740 525 inspicere
771 470 829 511 ibi
860 487 943 513 non
981 472 1082 513 1111111
1115 472 1302 528 contigit.
1334 471 1448 528 Ang.
1486 473 1577 514 Mai
1614 475 1780 517 codices
1819 477 1942 518 3257.

118 544 244 599 (saec.
266 543 368 599 XI).
392 545 514 585 3258.
535 544 657 584 3259.
691 551 730 584 et
750 545 857 585 3261
891 544 1079 586 lubenter
1110 546 1270 596 adtulit,
1294 572 1344 576 ——
1369 553 1451 587 tres
1472 547 1597 587 etiam
1626 548 1941 598 uetustissimos,

119 614 355 659 Suecouatt.
378 616 531 658 saeculi
552 615 612 665 X,
644 616 686 657 in
718 616 873 658 ultimis
905 618 1239 660 hebdomadibus
1257 645 1322 668 ψ,
1341 619 1451 660 hunc
1482 620 1676 661 reducem
1709 621 1943 675 ignorabat.

229 689 320 730 Iam
350 689 575 731 dicendum
606 696 679 739 est,
726 705 791 731 me
822 690 977 741 literas,
1010 691 1161 746 quibus
1192 691 1505 748 Vanderbourg
1545 693 1711 734 codices
1743 694 1940 749 signauit,

118 762 274 817 ubique
297 778 500 813 seruasse,
532 762 630 804 hinc
651 763 749 804 inde
772 771 945 813 tantum,
977 764 1049 805 ubi
1072 780 1176 820 opus
1198 780 1287 806 esse
1309 765 1535 816 uideretur,
1568 766 1728 807 addens
1750 781 1946 808 numeros

117 850 282 890 quoque
312 835 360 877 F.
394 835 448 878 G.
482 837 651 878 Potte‘erz'
679 835 822 891 (Paris
855 838 996 892 1823),
1028 838 1099 892 qui
1131 838 1259 879 multo
1290 838 1423 880 leuius
1456 853 1542 880 rem
1575 855 1692 880 suam
1714 840 1801 895 egit
1821 846 1946 894 atque

118 917 243 950 tolum
274 918 518 966 apparatum
549 911 815 951 parisiensem
851 911 973 952 modo
1011 926 1181 966 prorsus
1218 911 1369 953 falsum
1410 913 1534 953 modo
1572 927 1722 967 parum
1753 921 1946 955 accurate

118 988 329 1024 enotatum
351 989 474 1037 atque
496 982 600 1024 adeo
618 983 802 1024 incertae
824 983 991 1039 saepius
1011 984 1122 1033 fidei,
1145 991 1190 1025 ut
1210 999 1261 1025 ex
1282 984 1423 1025 multis
1439 985 1642 1041 exemplis
1665 986 1706 1026 in
1729 986 1808 1028 1100
1827 986 1947 1028 uolu—

118 1056 229 1097 mine
251 1071 275 1096 a
296 1070 362 1097 me
384 1071 538 1111 inagna
560 1056 687 1097 officii
710 1057 964 1098 conscientia
985 1057 1137 1099 adlatis
1160 1064 1286 1113 patet,
1311 1059 1351 1099 z'n
1373 1066 1517 1113 septem
1537 1060 1638 1112 solia
1663 1061 1794 1114 coeqit.
1854 1058 1947 1099 Ad-

118 1128 223 1168 didit
255 1135 387 1169 autem
417 1129 485 1170 1110
516 1129 582 1170 011·
613 1129 771 1179 doctus,
805 1136 1014 1180 aucturus,
1046 1137 1090 1170 ut.
1120 1130 1284 1185 opinor,
1321 1131 1583 1172 saeculorum
1606 1132 1809 1173 seriorum
1832 1131 1947 1173 testi-

117 1201 271 1251 monia,
304 1203 473 1258 quinque
496 1203 661 1252 codices,
693 1202 764 1256 qui
785 1202 936 1244 Artem
958 1219 1024 1259 po.
1046 1203 1263 1258 Epistulas
1294 1211 1333 1245 et
1356 1203 1581 1246 Sermones
1603 1206 1802 1247 exhibent
1823 1212 1946 1260 atque

119 1276 269 1330 (8218)
293 1275 347 1315 ad
369 1290 476 1317 sace.
498 1275 628 1325 XIII,
651 1276 705 1316 ad
727 1290 834 1318 saec.
856 1275 971 1318 XIV
993 1277 1135 1331 (7980.
1170 1279 1275 1318 7981
1301 1284 1341 1318 et
1363 1279 1492 1333 7982)
1524 1278 1591 1319 uel
1613 1279 1739 1320 etiam
1761 1279 1815 1319 ad
1838 1293 1947 1320 saec.

117 1347 209 1391 XV
241 1349 391 1404 (7984)
424 1349 647 1404 pertinent.

232 1420 350 1473 Quid
379 1422 428 1462 de
457 1423 540 1464 Jos.
580 1423 740 1463 Valarlo
770 1421 838 1463 hic
870 1421 1021 1472 dicam,
1062 1423 1134 1476 qui
1167 1424 1234 1464 ‘ad
1260 1423 1379 1478 fidem
1413 1424 1593 1465 LXXVI
1621 1425 1813 1466 eodieum'
1857 1425 1947 1466 edi-

117 1494 274 1536 tionem
304 1510 421 1537 suam
451 1494 621 1536 Horatii
652 1494 807 1549 (Paris.
842 1496 966 1548 1770)
998 1510 1170 1550 parasse
1191 1495 1235 1536 in
1262 1496 1381 1537 titulo
1413 1496 1618 1547 adfirmat,
1652 1497 1755 1539 duos
1786 1505 1949 1540 tantum

119 1567 326 1618 adferens,
370 1583 500 1610 unum
530 1584 570 1609 n.
604 1570 712 1609 7977
747 1568 862 1623 (Iz
885 1570 929 1624 9)
976 1584 1016 1624 p.
1049 1570 1144 1619 311,
1191 1569 1367 1611 alterum
1412 1585 1452 1610 n.
1495 1571 1602 1611 9219
1645 1585 1685 1625 p.
1723 1572 1816 1612 317.
1855 1573 1950 1621 318,

121 1655 245 1695 quem
274 1656 482 1696 nusquam
512 1641 725 1683 inuenisse
755 1642 876 1684 doleo
918 1645 1091 1698 propter
1126 1643 1265 1685 locum
1302 1643 1420 1684 illum
1454 1642 1589 1685 Serm.
1620 1643 1655 1694 I,
1689 1646 1727 1694 6,
1762 1646 1863 1686 126:
1896 1672 1950 1675 —-

122 1728 304 1771 campum
334 1715 542 1770 lusumque
574 1716 793 1770 [119011011ιῖ9

232 1787 283 1828 In
313 1788 555 1830 Bibliotheca
580 1789 887 1845 Insperatorz'a*)
919 1789 1072 1846 uiginti
1103 1797 1186 1831 tres
1218 1790 1384 1832 codices
1415 1790 1601 1832 nondum
1633 1798 1728 1832 sunt
1758 1792 1950 1844 adhibiti,

122 1875 225 1916 quos
255 1861 324 1903 hic
354 1876 600 1903 enumerare
632 1877 767 1917 neque
798 1862 913 1904 iuuat
933 1877 1070 1918 neque
1090 1863 1217 1905 lubet.
1248 1863 1431 1919 Insuper
1452 1864 1617 1906 codices
1638 1871 1846 1919 quattuor,
1880 1866 1951 1920 qui

123 1935 276 1978 scholia
306 1935 350 1976 in
388 1935 613 1978 Horatium
644 1936 860 1991 praebent,
906 1936 975 1978 hic
1005 1944 1100 1978 sunt
1129 1936 1395 1979 nominandi:
1446 1939 1479 1978 1.
1511 1937 1551 1979 R
1581 1957 1634 1974 z
1668 1939 1790 1989 7988,
1837 1941 1951 1983 Por-

215 2072 248 2111 *)
275 2073 329 2102 Ex
353 2073 571 2111 Imperatoriae
588 2073 787 2103 Bibliothecae
804 2076 954 2112 pretiosis
973 2079 1095 2113 septem
1115 2075 1351 2105 uetustioribus
1369 2076 1497 2105 Horatii
1515 2077 1679 2105 codicibus
1701 2075 1826 2114 (A:1‚
1845 2075 1952 2111 1312,

126 2126 234 2167 025,
258 2129 366 2166 Dz4,
393 2126 502 2167 1⁴:13,
530 2131 618 2172 <9:ss
646 2135 677 2159 et
701 2128 812 2172 γΞῑΤ),
839 2141 972 2169 quorum
990 2132 1118 2162 inuerso
1136 2132 1391 2170 Vanderbourgii
1410 2133 1520 2162 ordine
1538 2133 1644 2162 nescio
1663 2135 1770 2161 utrum
1788 2131 1952 2160 Pottierus

123 2187 238 2216 aetatis
276 2187 464 2216 uarietatem
495 2187 637 2216 indicare
663 2188 815 2223 uoluerit,
853 2187 1037 2217 Gallicorum
1061 2187 1282 2227 antiquissimus
1306 2192 1356 2217 est
1381 2199 1411 2218 11.
1441 2190 1535 2227 7972,
1562 2192 1626 2218 uet.
1654 2198 1739 2217 num.
1775 2189 1872 2224 5547,
1900 2188 1952 2215 ‘ex

123 2242 202 2272 Mss.
228 2243 440 2272 bibliothecae
471 2243 514 2272 Io.
541 2244 648 2272 Iacobi
680 2243 826 2279 Mentels',
855 2253 950 2281 supra
981 2244 1085 2273 dictus
1122 2244 1228 2273 1323.
1262 2244 1345 2274 conf.
1375 2245 1536 2274 Vanderb.
1562 2254 1591 2282 p.
1618 2246 1670 2274 39.
1697 2244 1841 2273 Pertinet
1867 2244 1952 2272 enim

125 2299 166 2328 ad
191 2300 316 2328 exitum
343 2300 460 2329 saeculi
483 2299 539 2337 IX,
567 2303 729 2336 exaratus,
755 2304 789 2328 ut
817 2300 991 2328 uerisimile
1018 2304 1083 2336 est,
1119 2301 1145 2329 si
1178 2310 1240 2330 non
1267 2302 1467 2338 sumptibus,
1493 2306 1601 2330 tamen
1628 2305 1770 2339 tempore
1797 2300 1953 2329 Ludouici

126 2354 273 2391 Secundi,
308 2356 397 2384 cuius
423 2356 623 2394 epitaphium
648 2354 679 2393 (†
704 2355 784 2394 875)
811 2365 852 2385 ex
877 2356 1054 2385 octodecim
1078 2357 1223 2386 uersibus
1249 2357 1386 2386 heroicis
1412 2361 1562 2387 constans
1598 2358 1684 2387 inter
1710 2356 1846 2386 Carmen
1878 2355 1954 2385 Sae-

126 2412 232 2440 culare
258 2414 288 2440 et
313 2411 492 2449 Epistulas,
520 2412 552 2440 in
578 2411 657 2454 folio
683 2413 736 2448 86,
762 2422 781 2440 a
801 2411 904 2450 prima
928 2422 1019 2441 manu
1043 2414 1184 2450 positum
1209 2413 1337 2451 legitur.
1386 2413 1567 2443 Praemissa
1592 2416 1668 2442 sunt
1694 2413 1953 2451 quattuordecim

127 2468 261 2505 elegiaci
280 2477 402 2503 uersus,
417 2477 549 2506 quorum
568 2477 625 2497 sex
644 2468 768 2505 priores
786 2467 959 2506 Lcmfrcmcz'
975 2469 1150 2498 sacerdotis
1168 2469 1337 2498 cuiusdam
1356 2470 1558 2507 epitaphium
1577 2470 1744 2506 exhibent,
1760 2470 1954 2507 posteriores

126 2523 258 2553 Arnaldt’
282 2524 473 2563 presbytcri,
500 2528 535 2552 ut
560 2524 680 2561 opinor,
709 2524 851 2553 eiusdem
877 2525 1007 2554 aetatis.
1057 2524 1274 2554 Lanfrancum
1301 2526 1500 2555 sacerdotem
1527 2536 1604 2555 caue
1622 2535 1660 2555 ne
1678 2525 1853 2555 confundas
1879 2534 1952 2554 cum

127 2580 256 2609 clariore
282 2580 338 2609 illo
364 2580 567 2616 scholastico,
605 2580 659 2618 qui
685 2580 918 2618 archiepiscopi
945 2580 1136 2610 Canterbur.
1175 2591 1302 2611 munere
1328 2582 1469 2620 fungens
1495 2592 1579 2611 anno
1608 2582 1691 2611 1089
1724 2585 1867 2611 mortuus
1895 2584 1953 2618 est,

126 2637 211 2665 hunc
227 2645 302 2665 uero
320 2635 487 2665 Arnaldum
510 2636 575 2664 noli
600 2636 735 2665 eundem
754 2640 866 2673 putare
884 2640 978 2674 atque
997 2638 1152 2666 eximium
1178 2638 1280 2675 illum,
1307 2638 1346 2666 de
1371 2638 1462 2668 cuius
1488 2642 1589 2667 morte
1615 2636 1646 2675 (†
1676 2638 1776 2676 1155)
1803 2646 1862 2674 ego
1888 2641 1954 2666 tra-

128 2692 277 2729 goediam
301 2691 486 2721 historicam
512 2692 622 2729 scripsi
649 2692 783 2721 ‘Arnold
808 2702 870 2722 von
895 2693 1033 2722 Brescia'
1073 2694 1260 2731 inscriptam
1285 2697 1381 2732 atque
1406 2695 1485 2723 meis
1511 2693 1691 2731 sumptibus
1716 2702 1734 2721 a
1760 2693 1856 2722 sociis
1881 2692 1955 2722 Gie-

130 2748 223 2776 secke
248 2751 279 2776 et
302 2748 461 2777 Devrient
486 2748 684 2785 impressam.
733 2748 815 2777 Vide
839 2752 886 2786 tu,
912 2749 1033 2779 certine
1058 2750 1180 2787 aliquid
1206 2759 1246 2778 ex
1272 2750 1366 2778 initio
1391 2750 1503 2779 horum
1521 2749 1760 2787 epitaphiorum
1778 2758 1857 2787 quae
1883 2749 1953 2778 sine

131 2803 342 2841 inscriptione
367 2803 418 2832 uel
444 2804 617 2832 interuallo
644 2814 677 2833 se
703 2804 883 2841 excipiunt,
911 2805 1024 2834 deduci
1051 2806 1154 2842 possit
1179 2809 1276 2843 atque
1303 2806 1474 2835 emxcleari.
1523 2805 1605 2835 Ecce
1631 2806 1780 2835 initium:

400 2869 418 2888 a
444 2859 489 2897 (11.
520 2861 546 2888 1.
576 2860 628 2898 2):
655 2860 725 2889 Non
751 2860 825 2888 ullis
851 2861 973 2890 meritis
1001 2861 1056 2889 sed
1080 2861 1145 2890 sola
1168 2870 1238 2890 uoce
1262 2861 1405 2890 sacerdos

708 2915 768 2944 Hic
794 2925 865 2944 mea
889 2915 1069 2955 lanfrancus
1092 2916 1218 2946 sordida
1242 2918 1373 2946 menbra
1398 2922 1469 2955 tego
1496 2920 1556 2946 etc.

402 2971 420 2999 b
448 2969 495 3008 (u.
524 2972 552 2999 7.
580 2972 634 3009 8):
660 2971 854 3010 Ilwzffl'07·tm
878 2970 972 3001 cecidi
995 2972 1113 3001 crudeli
1135 2972 1259 3002 uulnere
1272 2972 1380 3011 fossus

706 3027 880 3065 Presbyter
905 3027 1052 3057 arnaldus
1077 3028 1170 3066 uirgo
1196 3029 1296 3057 maria
1321 3033 1394 3058 tuus
1422 3033 1481 3058 etc.

135 3080 304 3111 Caeterum
329 3085 437 3111 tamen
463 3082 632 3111 dicendum
659 3086 718 3118 est,
756 3083 911 3120 perbonos
937 3083 1103 3113 codicesA
1129 3088 1160 3112 et
1183 3084 1208 3112 B
1234 3085 1378 3121 proxime
1404 3084 1555 3114 accedere
1580 3085 1620 3114 ad
1647 3084 1779 3113 eandem
1805 3088 1955 3121 aetatem,

135 3146 198 3175 qua
222 3137 261 3166 de
284 3146 318 3166 re
343 3138 552 3175 copiosiorem
577 3138 710 3167 habebis
736 3139 971 3176 oxpositionem
998 3139 1029 3168 in
1054 3139 1192 3169 historia
1216 3143 1329 3169 textus
1355 3150 1384 3179 q.
1412 3150 1441 3170 u.
1468 3141 1592 3178 critica,
1624 3142 1678 3171 ubi
1703 3140 1841 3177 codices,
1879 3150 1957 3179 quos

139 3193 266 3231 inspexi
291 3196 386 3232 atque
412 3194 558 3231 adhibui,
584 3194 765 3224 accuratius
789 3194 942 3233 descripti
967 3198 998 3225 et
1022 3195 1192 3225 diiudicati
1219 3200 1301 3226 sunt.
