<?xml version="1.0" encoding="UTF-8"?>
<!DOCTYPE html PUBLIC "-//W3C//DTD XHTML 1.0 Transitional//EN"
    "http://www.w3.org/TR/xhtml1/DTD/xhtml1-transitional.dtd">
<html xmlns="http://www.w3.org/1999/xhtml" xml:lang="en" lang="en">
 <head>
  <title>
</title>
<meta http-equiv="Content-Type" content="text/html;charset=utf-8" />
  <meta name='ocr-system' content='tesseract 3.04.00' />
  <meta name='ocr-capabilities' content='ocr_page ocr_carea ocr_par ocr_line ocrx_word'/>
</head>
<body>
  <div class='ocr_page' id='page_1' title='image "acronisetporphyr01pseuuoft_0081.png"; bbox 0 0 2170 3460; ppageno 0'>
   <div class='ocr_carea' id='block_1_1' title="bbox 836 122 1917 167">
    <p class='ocr_par' dir='ltr' id='par_1_1' title="bbox 836 122 1917 167">
     <span class='ocr_line' id='line_1_1' title="bbox 836 122 1917 167; baseline 0 -5"><span class='ocrx_word' id='word_1_1' title='bbox 836 130 884 162; x_wconf 84' lang='lat' dir='ltr'>IN</span> <span class='ocrx_word' id='word_1_2' title='bbox 911 130 1054 162; x_wconf 79' lang='lat' dir='ltr'>CARM.</span> <span class='ocrx_word' id='word_1_3' title='bbox 1081 131 1168 167; x_wconf 67' lang='lat' dir='ltr'>Lm.</span> <span class='ocrx_word' id='word_1_4' title='bbox 1865 122 1917 162; x_wconf 72' lang='lat'>63</span> 
     </span>
    </p>
   </div>
   <div class='ocr_carea' id='block_1_2' title="bbox 87 253 1920 1483">
    <p class='ocr_par' dir='ltr' id='par_1_2' title="bbox 91 253 1917 381">
     <span class='ocr_line' id='line_1_2' title="bbox 204 253 1917 311; baseline 0.001 -16"><span class='ocrx_word' id='word_1_5' title='bbox 204 255 241 295; x_wconf 88' lang='lat'>3.</span> <span class='ocrx_word' id='word_1_6' title='bbox 274 256 402 297; x_wconf 81' lang='lat' dir='ltr'>Pones</span> <span class='ocrx_word' id='word_1_7' title='bbox 433 255 585 296; x_wconf 68' lang='lat' dir='ltr'>iambis.</span> <span class='ocrx_word' id='word_1_8' title='bbox 657 253 824 306; x_wconf 80' lang='lat' dir='ltr'><strong>Quibus</strong></span> <span class='ocrx_word' id='word_1_9' title='bbox 858 253 1050 295; x_wconf 87' lang='lat' dir='ltr'>uersibus</span> <span class='ocrx_word' id='word_1_10' title='bbox 1089 267 1182 294; x_wconf 87' lang='lat' dir='ltr'>eam</span> <span class='ocrx_word' id='word_1_11' title='bbox 1220 253 1416 303; x_wconf 81' lang='lat' dir='ltr'>laeserat3</span> <span class='ocrx_word' id='word_1_12' title='bbox 1461 254 1544 310; x_wconf 88' lang='lat' dir='ltr'>ipsi</span> <span class='ocrx_word' id='word_1_13' title='bbox 1581 255 1693 296; x_wconf 88' lang='lat' dir='ltr'>enim</span> <span class='ocrx_word' id='word_1_14' title='bbox 1734 256 1917 311; x_wconf 80' lang='lat' dir='ltr'>aptiores</span> 
     </span>
     <span class='ocr_line' id='line_1_3' title="bbox 91 325 1220 381; baseline 0 -13"><span class='ocrx_word' id='word_1_15' title='bbox 91 327 257 369; x_wconf 87' lang='lat' dir='ltr'>iniuriis</span> <span class='ocrx_word' id='word_1_16' title='bbox 289 334 395 368; x_wconf 90' lang='lat' dir='ltr'>sunt.</span> <span class='ocrx_word' id='word_1_17' title='bbox 455 327 559 369; x_wconf 65' lang='lat' dir='ltr'>Siue.</span> <span class='ocrx_word' id='word_1_18' title='bbox 621 325 723 368; x_wconf 80' lang='lat' dir='ltr'>Siue</span> <span class='ocrx_word' id='word_1_19' title='bbox 756 326 820 367; x_wconf 91' lang='lat' dir='ltr'>uis</span> <span class='ocrx_word' id='word_1_20' title='bbox 850 340 1007 381; x_wconf 88' lang='lat' dir='ltr'>ponere</span> <span class='ocrx_word' id='word_1_21' title='bbox 1039 327 1220 368; x_wconf 88' lang='lat' dir='ltr'>modum.</span> 
     </span>
    </p>

    <p class='ocr_par' dir='ltr' id='par_1_3' title="bbox 91 398 1916 602">
     <span class='ocr_line' id='line_1_4' title="bbox 202 398 1913 456; baseline 0 -15"><span class='ocrx_word' id='word_1_22' title='bbox 202 401 240 441; x_wconf 87' lang='lat'>3.</span> <span class='ocrx_word' id='word_1_23' title='bbox 271 402 309 441; x_wconf 86' lang='lat'>4.</span> <span class='ocrx_word' id='word_1_24' title='bbox 342 400 435 441; x_wconf 74' lang='lat' dir='ltr'>Siue</span> <span class='ocrx_word' id='word_1_25' title='bbox 460 401 624 456; x_wconf 73' lang='lat' dir='ltr'>flamma</span> <span class='ocrx_word' id='word_1_26' title='bbox 657 401 752 442; x_wconf 73' lang='lat' dir='ltr'>Siue</span> <span class='ocrx_word' id='word_1_27' title='bbox 787 401 904 441; x_wconf 66' lang='lat' dir='ltr'>mars.</span> <span class='ocrx_word' id='word_1_28' title='bbox 974 398 1070 441; x_wconf 92' lang='lat' dir='ltr'>Hoc</span> <span class='ocrx_word' id='word_1_29' title='bbox 1107 406 1181 449; x_wconf 76' lang='lat' dir='ltr'>est,</span> <span class='ocrx_word' id='word_1_30' title='bbox 1219 400 1262 440; x_wconf 91' lang='lat' dir='ltr'>in</span> <span class='ocrx_word' id='word_1_31' title='bbox 1302 400 1584 442; x_wconf 77' lang='lat' dir='ltr'>satisfactione</span> <span class='ocrx_word' id='word_1_32' title='bbox 1622 416 1698 455; x_wconf 90' lang='lat' dir='ltr'>pro</span> <span class='ocrx_word' id='word_1_33' title='bbox 1735 401 1913 442; x_wconf 88' lang='lat' dir='ltr'>delendo</span> 
     </span>
     <span class='ocr_line' id='line_1_5' title="bbox 91 470 1916 528; baseline 0.001 -15"><span class='ocrx_word' id='word_1_34' title='bbox 91 473 288 514; x_wconf 87' lang='lat' dir='ltr'>carmine.</span> <span class='ocrx_word' id='word_1_35' title='bbox 348 472 459 513; x_wconf 89' lang='lat' dir='ltr'>Illud</span> <span class='ocrx_word' id='word_1_36' title='bbox 502 474 772 527; x_wconf 71' lang='lat' dir='ltr'>Verqilianmn</span> <span class='ocrx_word' id='word_1_37' title='bbox 803 479 967 514; x_wconf 86' lang='lat' dir='ltr'>secutus</span> <span class='ocrx_word' id='word_1_38' title='bbox 998 480 1060 514; x_wconf 88' lang='lat' dir='ltr'>est</span> <span class='ocrx_word' id='word_1_39' title='bbox 1090 470 1163 527; x_wconf 88' lang='lat' dir='ltr'>(A.</span> <span class='ocrx_word' id='word_1_40' title='bbox 1196 472 1252 523; x_wconf 93' lang='grc' dir='ltr'>ΙΙ,</span> <span class='ocrx_word' id='word_1_41' title='bbox 1275 474 1369 527; x_wconf 83' lang='grc'><strong>36);</strong></span> <span class='ocrx_word' id='word_1_42' title='bbox 1405 474 1552 528; x_wconf 76' lang='lat' dir='ltr'>Pelaqo</span> <span class='ocrx_word' id='word_1_43' title='bbox 1586 474 1777 515; x_wconf 53' lang='lat' dir='ltr'>Danaam</span> <span class='ocrx_word' id='word_1_44' title='bbox 1806 476 1916 515; x_wconf 68' lang='lat' dir='ltr'>insi—</span> 
     </span>
     <span class='ocr_line' id='line_1_6' title="bbox 92 546 1714 602; baseline 0 -15"><span class='ocrx_word' id='word_1_45' title='bbox 92 547 178 587; x_wconf 66' lang='lat' dir='ltr'>dias</span> <span class='ocrx_word' id='word_1_46' title='bbox 209 554 466 602; x_wconf 73' lang='lat' dir='ltr'>suspectaque</span> <span class='ocrx_word' id='word_1_47' title='bbox 499 546 604 587; x_wconf 83' lang='lat' dir='ltr'>dona</span> <span class='ocrx_word' id='word_1_48' title='bbox 639 547 910 601; x_wconf 67' lang='lat' dir='ltr'>Praecapitare</span> <span class='ocrx_word' id='word_1_49' title='bbox 940 546 1076 587; x_wconf 73' lang='lat' dir='ltr'>iubent</span> <span class='ocrx_word' id='word_1_50' title='bbox 1096 547 1357 602; x_wconf 62' lang='lat' dir='ltr'>subjectisque</span> <span class='ocrx_word' id='word_1_51' title='bbox 1387 560 1503 588; x_wconf 80' lang='lat' dir='ltr'>urere</span> <span class='ocrx_word' id='word_1_52' title='bbox 1531 547 1714 602; x_wconf 73' lang='lat' dir='ltr'>flammis.</span> 
     </span>
    </p>

    <p class='ocr_par' dir='ltr' id='par_1_4' title="bbox 203 618 804 673">
     <span class='ocr_line' id='line_1_7' title="bbox 203 618 804 673; baseline -0.003 -12"><span class='ocrx_word' id='word_1_53' title='bbox 203 619 400 661; x_wconf 75' lang='lat' dir='ltr'>Adriano.</span> <span class='ocrx_word' id='word_1_54' title='bbox 462 633 540 673; x_wconf 90' lang='lat' dir='ltr'>pro</span> <span class='ocrx_word' id='word_1_55' title='bbox 570 618 804 659; x_wconf 79' lang='lat' dir='ltr'>Adriatico.</span> 
     </span>
    </p>

    <p class='ocr_par' dir='ltr' id='par_1_5' title="bbox 87 690 1918 1113">
     <span class='ocr_line' id='line_1_8' title="bbox 202 690 1917 748; baseline -0.001 -14"><span class='ocrx_word' id='word_1_56' title='bbox 202 694 240 734; x_wconf 88' lang='grc'>5.</span> <span class='ocrx_word' id='word_1_57' title='bbox 274 693 363 735; x_wconf 87' lang='lat' dir='ltr'>Non</span> <span class='ocrx_word' id='word_1_58' title='bbox 397 692 720 748; x_wconf 75' lang='lat' dir='ltr'>Dindymene.—</span> <span class='ocrx_word' id='word_1_59' title='bbox 739 692 828 734; x_wconf 83' lang='lat' dir='ltr'>Non</span> <span class='ocrx_word' id='word_1_60' title='bbox 859 692 975 732; x_wconf 71' lang='lat' dir='ltr'>Liber</span> <span class='ocrx_word' id='word_1_61' title='bbox 1002 706 1132 747; x_wconf 77' lang='lat' dir='ltr'>aeque.</span> <span class='ocrx_word' id='word_1_62' title='bbox 1192 690 1365 734; x_wconf 88' lang='lat' dir='ltr'>Amoris</span> <span class='ocrx_word' id='word_1_63' title='bbox 1395 706 1438 733; x_wconf 92' lang='lat' dir='ltr'>se</span> <span class='ocrx_word' id='word_1_64' title='bbox 1467 692 1620 734; x_wconf 86' lang='lat' dir='ltr'>fatetur</span> <span class='ocrx_word' id='word_1_65' title='bbox 1648 693 1788 734; x_wconf 86' lang='lat' dir='ltr'>furore</span> <span class='ocrx_word' id='word_1_66' title='bbox 1819 706 1917 747; x_wconf 89' lang='lat' dir='ltr'>pec—</span> 
     </span>
     <span class='ocr_line' id='line_1_9' title="bbox 90 765 1917 821; baseline 0 -14"><span class='ocrx_word' id='word_1_67' title='bbox 90 779 219 816; x_wconf 86' lang='lat' dir='ltr'>casse,</span> <span class='ocrx_word' id='word_1_68' title='bbox 251 772 289 806; x_wconf 92' lang='lat' dir='ltr'>et</span> <span class='ocrx_word' id='word_1_69' title='bbox 321 765 501 821; x_wconf 88' lang='lat' dir='ltr'>probare</span> <span class='ocrx_word' id='word_1_70' title='bbox 532 765 634 815; x_wconf 86' lang='lat' dir='ltr'>uult,</span> <span class='ocrx_word' id='word_1_71' title='bbox 666 765 726 806; x_wconf 90' lang='lat' dir='ltr'>sic</span> <span class='ocrx_word' id='word_1_72' title='bbox 756 765 862 806; x_wconf 91' lang='lat' dir='ltr'>iram</span> <span class='ocrx_word' id='word_1_73' title='bbox 893 765 1224 807; x_wconf 78' lang='lat' dir='ltr'>moderationem</span> <span class='ocrx_word' id='word_1_74' title='bbox 1254 781 1337 807; x_wconf 92' lang='lat' dir='ltr'>non</span> <span class='ocrx_word' id='word_1_75' title='bbox 1368 765 1557 821; x_wconf 85' lang='lat' dir='ltr'>recipere</span> <span class='ocrx_word' id='word_1_76' title='bbox 1587 765 1632 806; x_wconf 93' lang='lat' dir='ltr'>in</span> <span class='ocrx_word' id='word_1_77' title='bbox 1662 765 1813 807; x_wconf 89' lang='lat' dir='ltr'>animis</span> <span class='ocrx_word' id='word_1_78' title='bbox 1843 766 1917 807; x_wconf 91' lang='lat' dir='ltr'>ho-</span> 
     </span>
     <span class='ocr_line' id='line_1_10' title="bbox 88 837 1918 895; baseline 0 -15"><span class='ocrx_word' id='word_1_79' title='bbox 88 839 262 890; x_wconf 88' lang='lat' dir='ltr'>minum,</span> <span class='ocrx_word' id='word_1_80' title='bbox 295 853 417 893; x_wconf 90' lang='lat' dir='ltr'>quem</span> <span class='ocrx_word' id='word_1_81' title='bbox 449 838 502 879; x_wconf 92' lang='lat' dir='ltr'>ad</span> <span class='ocrx_word' id='word_1_82' title='bbox 532 838 703 880; x_wconf 89' lang='lat' dir='ltr'>modum</span> <span class='ocrx_word' id='word_1_83' title='bbox 734 838 870 880; x_wconf 88' lang='lat' dir='ltr'>alieno</span> <span class='ocrx_word' id='word_1_84' title='bbox 900 838 1040 879; x_wconf 84' lang='lat' dir='ltr'>furore</span> <span class='ocrx_word' id='word_1_85' title='bbox 1070 837 1336 879; x_wconf 77' lang='lat' dir='ltr'>bacchantes.</span> <span class='ocrx_word' id='word_1_86' title='bbox 1397 839 1687 895; x_wconf 75' lang='lat' dir='ltr'>Dz&#39;ndyntenem</span> <span class='ocrx_word' id='word_1_87' title='bbox 1716 855 1740 880; x_wconf 86' lang='lat' dir='ltr'>a</span> <span class='ocrx_word' id='word_1_88' title='bbox 1779 845 1918 881; x_wconf 91' lang='lat' dir='ltr'>monte</span> 
     </span>
     <span class='ocr_line' id='line_1_11' title="bbox 87 910 1913 969; baseline 0.001 -16"><span class='ocrx_word' id='word_1_89' title='bbox 87 918 263 954; x_wconf 86' lang='lat' dir='ltr'>matrem</span> <span class='ocrx_word' id='word_1_90' title='bbox 294 912 418 953; x_wconf 68' lang='lat' dir='ltr'>desnn</span> <span class='ocrx_word' id='word_1_91' title='bbox 449 912 563 962; x_wconf 82' lang='lat' dir='ltr'>dicit,</span> <span class='ocrx_word' id='word_1_92' title='bbox 594 919 638 953; x_wconf 89' lang='lat' dir='ltr'>ut</span> <span class='ocrx_word' id='word_1_93' title='bbox 678 913 787 967; x_wconf 75' lang='lat' dir='ltr'>Verq.</span> <span class='ocrx_word' id='word_1_94' title='bbox 821 910 894 967; x_wconf 87' lang='lat' dir='ltr'>(A.</span> <span class='ocrx_word' id='word_1_95' title='bbox 916 910 999 961; x_wconf 90' lang='lat' dir='ltr'>IX,</span> <span class='ocrx_word' id='word_1_96' title='bbox 1024 912 1146 967; x_wconf 83' lang='lat'>617):</span> <span class='ocrx_word' id='word_1_97' title='bbox 1179 912 1237 953; x_wconf 88' lang='lat' dir='ltr'>Ite</span> <span class='ocrx_word' id='word_1_98' title='bbox 1263 926 1339 968; x_wconf 83' lang='lat' dir='ltr'>per</span> <span class='ocrx_word' id='word_1_99' title='bbox 1371 912 1454 953; x_wconf 77' lang='lat' dir='ltr'>alta</span> <span class='ocrx_word' id='word_1_100' title='bbox 1475 913 1691 968; x_wconf 69' lang='lat' dir='ltr'>Dindyma.</span> <span class='ocrx_word' id='word_1_101' title='bbox 1722 913 1913 969; x_wconf 65' lang='lat' dir='ltr'>Pythium</span> 
     </span>
     <span class='ocr_line' id='line_1_12' title="bbox 88 984 1918 1042; baseline 0.001 -16"><span class='ocrx_word' id='word_1_102' title='bbox 88 985 319 1041; x_wconf 85' lang='lat' dir='ltr'>aPythone</span> <span class='ocrx_word' id='word_1_103' title='bbox 339 985 568 1042; x_wconf 88' lang='lat' dir='ltr'>[serpente]</span> <span class='ocrx_word' id='word_1_104' title='bbox 592 984 837 1040; x_wconf 88' lang='lat' dir='ltr'>Apollinem</span> <span class='ocrx_word' id='word_1_105' title='bbox 867 984 1111 1040; x_wconf 89' lang='lat' dir='ltr'>appellauit.</span> <span class='ocrx_word' id='word_1_106' title='bbox 1162 985 1279 1027; x_wconf 75' lang='lat' dir='ltr'>Liber</span> <span class='ocrx_word' id='word_1_107' title='bbox 1317 985 1458 1042; x_wconf 79' lang='lat' dir='ltr'>[aeque</span> <span class='ocrx_word' id='word_1_108' title='bbox 1478 985 1504 1027; x_wconf 89' lang='lat' dir='ltr'>i.</span> <span class='ocrx_word' id='word_1_109' title='bbox 1527 985 1671 1042; x_wconf 84' lang='lat' dir='ltr'>etiam]</span> <span class='ocrx_word' id='word_1_110' title='bbox 1711 985 1918 1036; x_wconf 85' lang='lat' dir='ltr'>Bacchus,</span> 
     </span>
     <span class='ocr_line' id='line_1_13' title="bbox 92 1059 1019 1113; baseline 0 -14"><span class='ocrx_word' id='word_1_111' title='bbox 92 1059 164 1113; x_wconf 91' lang='lat' dir='ltr'>qui</span> <span class='ocrx_word' id='word_1_112' title='bbox 185 1059 312 1100; x_wconf 90' lang='lat' dir='ltr'>simili</span> <span class='ocrx_word' id='word_1_113' title='bbox 333 1059 570 1101; x_wconf 81' lang='lat' dir='ltr'>sacerdotes</span> <span class='ocrx_word' id='word_1_114' title='bbox 599 1059 713 1100; x_wconf 86' lang='lat' dir='ltr'>uexit</span> <span class='ocrx_word' id='word_1_115' title='bbox 743 1073 837 1100; x_wconf 89' lang='lat' dir='ltr'>suas</span> <span class='ocrx_word' id='word_1_116' title='bbox 867 1059 1019 1100; x_wconf 86' lang='lat' dir='ltr'>furore.</span> 
     </span>
    </p>

    <p class='ocr_par' dir='ltr' id='par_1_6' title="bbox 88 1130 1917 1261">
     <span class='ocr_line' id='line_1_14' title="bbox 130 1130 1917 1189; baseline 0.002 -17"><span class='ocrx_word' id='word_1_117' title='bbox 130 1167 132 1172; x_wconf 80' lang='grc'>,</span> <span class='ocrx_word' id='word_1_118' title='bbox 202 1133 239 1173; x_wconf 87' lang='lat'>7.</span> <span class='ocrx_word' id='word_1_119' title='bbox 271 1133 403 1174; x_wconf 81' lang='lat' dir='ltr'>Acula</span> <span class='ocrx_word' id='word_1_120' title='bbox 444 1147 553 1173; x_wconf 81' lang='lat' dir='ltr'>aera.</span> <span class='ocrx_word' id='word_1_121' title='bbox 618 1130 708 1172; x_wconf 87' lang='lat' dir='ltr'>Aut</span> <span class='ocrx_word' id='word_1_122' title='bbox 752 1146 776 1172; x_wconf 90' lang='lat' dir='ltr'>a</span> <span class='ocrx_word' id='word_1_123' title='bbox 813 1131 966 1172; x_wconf 86' lang='lat' dir='ltr'>tinnitu</span> <span class='ocrx_word' id='word_1_124' title='bbox 1003 1137 1124 1173; x_wconf 90' lang='lat' dir='ltr'>acuto</span> <span class='ocrx_word' id='word_1_125' title='bbox 1168 1132 1344 1187; x_wconf 84' lang='lat' dir='ltr'>(acuta),</span> <span class='ocrx_word' id='word_1_126' title='bbox 1394 1138 1465 1174; x_wconf 87' lang='lat' dir='ltr'>aut</span> <span class='ocrx_word' id='word_1_127' title='bbox 1509 1147 1672 1184; x_wconf 87' lang='lat' dir='ltr'>sonora,</span> <span class='ocrx_word' id='word_1_128' title='bbox 1719 1139 1763 1174; x_wconf 91' lang='lat' dir='ltr'>ut</span> <span class='ocrx_word' id='word_1_129' title='bbox 1807 1134 1917 1189; x_wconf 72' lang='lat' dir='ltr'>Verq.</span> 
     </span>
     <span class='ocr_line' id='line_1_15' title="bbox 88 1203 1302 1261; baseline 0.002 -16"><span class='ocrx_word' id='word_1_130' title='bbox 88 1203 163 1259; x_wconf 82' lang='lat' dir='ltr'>(G.</span> <span class='ocrx_word' id='word_1_131' title='bbox 195 1204 275 1255; x_wconf 88' lang='lat' dir='ltr'>III,</span> <span class='ocrx_word' id='word_1_132' title='bbox 308 1206 401 1260; x_wconf 81' lang='lat'><strong>94):</strong></span> <span class='ocrx_word' id='word_1_133' title='bbox 438 1206 568 1247; x_wconf 60' lang='lat' dir='ltr'>Pelion</span> <span class='ocrx_word' id='word_1_134' title='bbox 598 1205 758 1246; x_wconf 73' lang='lat' dir='ltr'>hinnitu</span> <span class='ocrx_word' id='word_1_135' title='bbox 787 1206 945 1260; x_wconf 71' lang='lat' dir='ltr'>fuyiens</span> <span class='ocrx_word' id='word_1_136' title='bbox 975 1206 1144 1261; x_wconf 71' lang='lat' dir='ltr'>inplem’t</span> <span class='ocrx_word' id='word_1_137' title='bbox 1173 1214 1302 1247; x_wconf 79' lang='lat' dir='ltr'>acuto.</span> 
     </span>
    </p>

    <p class='ocr_par' dir='ltr' id='par_1_7' title="bbox 200 1277 1167 1335">
     <span class='ocr_line' id='line_1_16' title="bbox 200 1277 1167 1335; baseline -0.001 -15"><span class='ocrx_word' id='word_1_138' title='bbox 200 1282 237 1320; x_wconf 74' lang='grc' dir='ltr'>ὅ.</span> <span class='ocrx_word' id='word_1_139' title='bbox 275 1279 529 1335; x_wconf 75' lang='lat' dir='ltr'>Corybantes.</span> <span class='ocrx_word' id='word_1_140' title='bbox 588 1277 777 1320; x_wconf 87' lang='lat' dir='ltr'>Ministri</span> <span class='ocrx_word' id='word_1_141' title='bbox 807 1278 953 1320; x_wconf 88' lang='lat' dir='ltr'>matris</span> <span class='ocrx_word' id='word_1_142' title='bbox 983 1278 1167 1320; x_wconf 85' lang='lat' dir='ltr'>deorum.</span> 
     </span>
    </p>

    <p class='ocr_par' dir='ltr' id='par_1_8' title="bbox 88 1351 1920 1483">
     <span class='ocr_line' id='line_1_17' title="bbox 201 1351 1919 1409; baseline 0.001 -17"><span class='ocrx_word' id='word_1_143' title='bbox 201 1354 238 1392; x_wconf 75' lang='lat'>9.</span> <span class='ocrx_word' id='word_1_144' title='bbox 273 1352 336 1392; x_wconf 87' lang='grc'>10.</span> <span class='ocrx_word' id='word_1_145' title='bbox 369 1367 469 1407; x_wconf 70' lang='grc' dir='ltr'><em>(μιαε</em></span> <span class='ocrx_word' id='word_1_146' title='bbox 505 1366 628 1407; x_wconf 79' lang='lat' dir='ltr'>neque</span> <span class='ocrx_word' id='word_1_147' title='bbox 664 1352 843 1394; x_wconf 70' lang='lat' dir='ltr'>Noricus</span> <span class='ocrx_word' id='word_1_148' title='bbox 881 1353 1062 1393; x_wconf 83' lang='lat' dir='ltr'>Deterret</span> <span class='ocrx_word' id='word_1_149' title='bbox 1098 1354 1210 1393; x_wconf 80' lang='lat' dir='ltr'>ensis.</span> <span class='ocrx_word' id='word_1_150' title='bbox 1277 1351 1526 1407; x_wconf 83' lang='lat' dir='ltr'>(Emphasis</span> <span class='ocrx_word' id='word_1_151' title='bbox 1563 1354 1657 1409; x_wconf 87' lang='lat' dir='ltr'>est).</span> <span class='ocrx_word' id='word_1_152' title='bbox 1725 1353 1776 1395; x_wconf 90' lang='lat' dir='ltr'>In</span> <span class='ocrx_word' id='word_1_153' title='bbox 1816 1353 1919 1409; x_wconf 86' lang='lat' dir='ltr'>ipsis</span> 
     </span>
     <span class='ocr_line' id='line_1_18' title="bbox 88 1423 1920 1483; baseline 0.001 -18"><span class='ocrx_word' id='word_1_154' title='bbox 88 1424 198 1466; x_wconf 87' lang='lat' dir='ltr'>enim</span> <span class='ocrx_word' id='word_1_155' title='bbox 229 1424 333 1466; x_wconf 88' lang='lat' dir='ltr'>locis</span> <span class='ocrx_word' id='word_1_156' title='bbox 364 1425 410 1478; x_wconf 86' lang='lat' dir='ltr'>(l.</span> <span class='ocrx_word' id='word_1_157' title='bbox 441 1423 630 1480; x_wconf 84' lang='lat' dir='ltr'>Noricis)</span> <span class='ocrx_word' id='word_1_158' title='bbox 669 1432 708 1465; x_wconf 90' lang='lat' dir='ltr'>et.</span> <span class='ocrx_word' id='word_1_159' title='bbox 738 1424 960 1480; x_wconf 86' lang='lat' dir='ltr'>probatum</span> <span class='ocrx_word' id='word_1_160' title='bbox 999 1425 1155 1466; x_wconf 88' lang='lat' dir='ltr'>ferrum</span> <span class='ocrx_word' id='word_1_161' title='bbox 1194 1432 1254 1466; x_wconf 90' lang='lat' dir='ltr'>est</span> <span class='ocrx_word' id='word_1_162' title='bbox 1291 1432 1329 1466; x_wconf 92' lang='lat' dir='ltr'>et</span> <span class='ocrx_word' id='word_1_163' title='bbox 1367 1426 1514 1481; x_wconf 89' lang='lat' dir='ltr'>optimi</span> <span class='ocrx_word' id='word_1_164' title='bbox 1554 1426 1686 1483; x_wconf 85' lang='lat' dir='ltr'>gladii</span> <span class='ocrx_word' id='word_1_165' title='bbox 1722 1427 1838 1477; x_wconf 80' lang='lat' dir='ltr'>fiunt,</span> <span class='ocrx_word' id='word_1_166' title='bbox 1880 1433 1920 1468; x_wconf 88' lang='lat' dir='ltr'>et</span> 
     </span>
    </p>
   </div>
   <div class='ocr_carea' id='block_1_3' title="bbox 85 1594 1920 3156">
    <p class='ocr_par' dir='ltr' id='par_1_9' title="bbox 85 1594 1920 3156">
     <span class='ocr_line' id='line_1_19' title="bbox 218 1594 1918 1640; baseline 0.003 -15"><span class='ocrx_word' id='word_1_167' title='bbox 218 1595 250 1635; x_wconf 87' lang='lat'>1)</span> <span class='ocrx_word' id='word_1_168' title='bbox 292 1596 391 1626; x_wconf 82' lang='lat' dir='ltr'>schol.</span> <span class='ocrx_word' id='word_1_169' title='bbox 428 1606 488 1626; x_wconf 88' lang='lat' dir='ltr'>om.</span> <span class='ocrx_word' id='word_1_170' title='bbox 527 1595 628 1634; x_wconf 45' lang='lat' dir='ltr'>Aac.</span> <span class='ocrx_word' id='word_1_171' title='bbox 654 1597 736 1637; x_wconf 28' lang='lat' dir='ltr'>‘ipse</span> <span class='ocrx_word' id='word_1_172' title='bbox 772 1597 856 1626; x_wconf 87' lang='lat' dir='ltr'>enim</span> <span class='ocrx_word' id='word_1_173' title='bbox 880 1594 918 1638; x_wconf 59' lang='lat' dir='ltr'>is.</span> <span class='ocrx_word' id='word_1_174' title='bbox 959 1597 1028 1626; x_wconf 83' lang='lat' dir='ltr'>rell.</span> <span class='ocrx_word' id='word_1_175' title='bbox 1067 1598 1138 1635; x_wconf 82' lang='lat' dir='ltr'>ipsi.</span> <span class='ocrx_word' id='word_1_176' title='bbox 1176 1606 1240 1627; x_wconf 72' lang='lat' dir='ltr'>eccm</span> <span class='ocrx_word' id='word_1_177' title='bbox 1265 1607 1326 1627; x_wconf 90' lang='lat' dir='ltr'>om.</span> <span class='ocrx_word' id='word_1_178' title='bbox 1351 1608 1377 1640; x_wconf 76' lang='grc' dir='ltr'><strong>γ.</strong></span> <span class='ocrx_word' id='word_1_179' title='bbox 1418 1598 1554 1628; x_wconf 70' lang='lat' dir='ltr'>versibus</span> <span class='ocrx_word' id='word_1_180' title='bbox 1587 1609 1647 1629; x_wconf 88' lang='lat' dir='ltr'>om.</span> <span class='ocrx_word' id='word_1_181' title='bbox 1680 1600 1709 1629; x_wconf 80' lang='lat'>2.</span> <span class='ocrx_word' id='word_1_182' title='bbox 1758 1600 1918 1639; x_wconf 85' lang='lat' dir='ltr'>Transpo-</span> 
     </span>
     <span class='ocr_line' id='line_1_20' title="bbox 89 1652 1913 1696; baseline 0.003 -15"><span class='ocrx_word' id='word_1_183' title='bbox 89 1652 211 1682; x_wconf 83' lang='lat' dir='ltr'>nendas</span> <span class='ocrx_word' id='word_1_184' title='bbox 243 1654 352 1682; x_wconf 85' lang='lat' dir='ltr'>censui</span> <span class='ocrx_word' id='word_1_185' title='bbox 383 1652 499 1683; x_wconf 79' lang='lat' dir='ltr'>scholii</span> <span class='ocrx_word' id='word_1_186' title='bbox 529 1656 648 1691; x_wconf 83' lang='lat' dir='ltr'>partes.</span> <span class='ocrx_word' id='word_1_187' title='bbox 705 1653 739 1692; x_wconf 78' lang='lat'>2)</span> <span class='ocrx_word' id='word_1_188' title='bbox 767 1654 910 1692; x_wconf 84' lang='lat' dir='ltr'>glossam</span> <span class='ocrx_word' id='word_1_189' title='bbox 935 1654 1015 1692; x_wconf 84' lang='lat' dir='ltr'>petii</span> <span class='ocrx_word' id='word_1_190' title='bbox 1041 1663 1081 1683; x_wconf 83' lang='lat' dir='ltr'>ex</span> <span class='ocrx_word' id='word_1_191' title='bbox 1107 1653 1203 1696; x_wconf 58' lang='lat' dir='ltr'>fflrC:</span> <span class='ocrx_word' id='word_1_192' title='bbox 1228 1654 1331 1693; x_wconf 74' lang='lat' dir='ltr'>supple</span> <span class='ocrx_word' id='word_1_193' title='bbox 1354 1656 1405 1684; x_wconf 87' lang='lat' dir='ltr'>uis</span> <span class='ocrx_word' id='word_1_194' title='bbox 1431 1665 1461 1693; x_wconf 86' lang='lat' dir='ltr'>p.</span> <span class='ocrx_word' id='word_1_195' title='bbox 1487 1665 1539 1693; x_wconf 88' lang='lat' dir='ltr'>1n.,</span> <span class='ocrx_word' id='word_1_196' title='bbox 1577 1657 1611 1685; x_wconf 92' lang='lat' dir='ltr'>in</span> <span class='ocrx_word' id='word_1_197' title='bbox 1636 1657 1827 1687; x_wconf 80' lang='lat' dir='ltr'>uindictam.</span> <span class='ocrx_word' id='word_1_198' title='bbox 1878 1657 1913 1696; x_wconf 84' lang='grc'>3)</span> 
     </span>
     <span class='ocr_line' id='line_1_21' title="bbox 87 1708 1919 1754; baseline 0.003 -16"><span class='ocrx_word' id='word_1_199' title='bbox 87 1710 121 1738; x_wconf 90' lang='lat' dir='ltr'>in</span> <span class='ocrx_word' id='word_1_200' title='bbox 146 1708 395 1739; x_wconf 81' lang='lat' dir='ltr'>satisfactionem</span> <span class='ocrx_word' id='word_1_201' title='bbox 431 1719 478 1739; x_wconf 89' lang='lat' dir='ltr'>rv.</span> <span class='ocrx_word' id='word_1_202' title='bbox 520 1710 588 1738; x_wconf 84' lang='lat' dir='ltr'>rell.</span> <span class='ocrx_word' id='word_1_203' title='bbox 621 1710 656 1739; x_wconf 89' lang='lat' dir='ltr'>in</span> <span class='ocrx_word' id='word_1_204' title='bbox 689 1709 927 1747; x_wconf 78' lang='lat' dir='ltr'>satisfactione,</span> <span class='ocrx_word' id='word_1_205' title='bbox 957 1715 1052 1748; x_wconf 87' lang='lat' dir='ltr'>recte,</span> <span class='ocrx_word' id='word_1_206' title='bbox 1086 1720 1149 1740; x_wconf 90' lang='lat' dir='ltr'>non</span> <span class='ocrx_word' id='word_1_207' title='bbox 1173 1711 1204 1740; x_wconf 75' lang='lat' dir='ltr'>in</span> <span class='ocrx_word' id='word_1_208' title='bbox 1228 1711 1409 1749; x_wconf 74' lang='lat' dir='ltr'>vindictam,</span> <span class='ocrx_word' id='word_1_209' title='bbox 1434 1715 1470 1742; x_wconf 89' lang='lat' dir='ltr'>ut</span> <span class='ocrx_word' id='word_1_210' title='bbox 1496 1713 1530 1742; x_wconf 91' lang='lat' dir='ltr'>in</span> <span class='ocrx_word' id='word_1_211' title='bbox 1555 1718 1753 1751; x_wconf 87' lang='lat' dir='ltr'>argumento.</span> <span class='ocrx_word' id='word_1_212' title='bbox 1804 1715 1839 1754; x_wconf 78' lang='lat'>4)</span> <span class='ocrx_word' id='word_1_213' title='bbox 1858 1714 1919 1744; x_wconf 77' lang='lat' dir='ltr'>cri-</span> 
     </span>
     <span class='ocr_line' id='line_1_22' title="bbox 86 1764 1920 1808; baseline 0.003 -14"><span class='ocrx_word' id='word_1_214' title='bbox 86 1764 163 1794; x_wconf 73' lang='lat' dir='ltr'>mine</span> <span class='ocrx_word' id='word_1_215' title='bbox 186 1765 312 1802; x_wconf 82' lang='lat' dir='ltr'>mvafh,</span> <span class='ocrx_word' id='word_1_216' title='bbox 339 1775 380 1795; x_wconf 83' lang='lat' dir='ltr'>ex</span> <span class='ocrx_word' id='word_1_217' title='bbox 405 1765 571 1795; x_wconf 73' lang='lat' dir='ltr'>criminosis</span> <span class='ocrx_word' id='word_1_218' title='bbox 596 1766 712 1795; x_wconf 80' lang='lat' dir='ltr'>iambis</span> <span class='ocrx_word' id='word_1_219' title='bbox 736 1769 843 1796; x_wconf 80' lang='lat' dir='ltr'>ortum</span> <span class='ocrx_word' id='word_1_220' title='bbox 868 1777 925 1804; x_wconf 88' lang='lat' dir='ltr'>pro</span> <span class='ocrx_word' id='word_1_221' title='bbox 950 1766 1221 1808; x_wconf 67' lang='lat' dir='ltr'>cao-nzz&#39;neA⁴sbR‚1·.</span> <span class='ocrx_word' id='word_1_222' title='bbox 1247 1767 1323 1797; x_wconf 60' lang='lat' dir='ltr'>discit</span> <span class='ocrx_word' id='word_1_223' title='bbox 1348 1768 1427 1798; x_wconf 91' lang='lat' dir='ltr'>illud</span> <span class='ocrx_word' id='word_1_224' title='bbox 1453 1772 1581 1798; x_wconf 87' lang='lat' dir='ltr'>secutus</span> <span class='ocrx_word' id='word_1_225' title='bbox 1606 1769 1694 1808; x_wconf 85' lang='lat' dir='ltr'>Virg.</span> <span class='ocrx_word' id='word_1_226' title='bbox 1719 1770 1841 1800; x_wconf 80' lang='lat' dir='ltr'>mvafh.</span> <span class='ocrx_word' id='word_1_227' title='bbox 1870 1780 1920 1800; x_wconf 87' lang='lat' dir='ltr'>se-</span> 
     </span>
     <span class='ocr_line' id='line_1_23' title="bbox 87 1821 1920 1867; baseline 0.003 -17"><span class='ocrx_word' id='word_1_228' title='bbox 87 1826 179 1851; x_wconf 84' lang='lat' dir='ltr'>cutus</span> <span class='ocrx_word' id='word_1_229' title='bbox 204 1825 262 1858; x_wconf 78' lang='lat' dir='ltr'>est,</span> <span class='ocrx_word' id='word_1_230' title='bbox 290 1831 350 1852; x_wconf 90' lang='grc'><strong>0111.</strong></span> <span class='ocrx_word' id='word_1_231' title='bbox 377 1821 454 1851; x_wconf 66' lang='lat' dir='ltr'>dimit</span> <span class='ocrx_word' id='word_1_232' title='bbox 476 1822 586 1864; x_wconf 74' lang='lat' dir='ltr'>A·sb‚r.</span> <span class='ocrx_word' id='word_1_233' title='bbox 633 1822 694 1852; x_wconf 86' lang='lat' dir='ltr'>Pro</span> <span class='ocrx_word' id='word_1_234' title='bbox 719 1822 773 1852; x_wconf 73' lang='lat' dir='ltr'>hoc</span> <span class='ocrx_word' id='word_1_235' title='bbox 798 1824 914 1861; x_wconf 84' lang='lat' dir='ltr'>scripsi</span> <span class='ocrx_word' id='word_1_236' title='bbox 939 1822 993 1853; x_wconf 75' lang='lat' dir='ltr'>hoc</span> <span class='ocrx_word' id='word_1_237' title='bbox 1018 1827 1060 1852; x_wconf 74' lang='lat' dir='ltr'>est</span> <span class='ocrx_word' id='word_1_238' title='bbox 1083 1833 1153 1853; x_wconf 87' lang='lat' dir='ltr'>cum</span> <span class='ocrx_word' id='word_1_239' title='bbox 1178 1834 1203 1853; x_wconf 90' lang='lat' dir='ltr'>r.</span> <span class='ocrx_word' id='word_1_240' title='bbox 1253 1825 1288 1863; x_wconf 82' lang='lat'>5)</span> <span class='ocrx_word' id='word_1_241' title='bbox 1314 1824 1427 1864; x_wconf 67' lang='lat' dir='ltr'>Pelccffo</span> <span class='ocrx_word' id='word_1_242' title='bbox 1451 1825 1561 1867; x_wconf 48' lang='lat' dir='ltr'>Amr.</span> <span class='ocrx_word' id='word_1_243' title='bbox 1587 1826 1655 1855; x_wconf 89' lang='lat' dir='ltr'>rell.</span> <span class='ocrx_word' id='word_1_244' title='bbox 1688 1827 1756 1855; x_wconf 67' lang='lat' dir='ltr'>Aut.</span> <span class='ocrx_word' id='word_1_245' title='bbox 1789 1827 1851 1865; x_wconf 84' lang='lat' dir='ltr'>pel.</span> <span class='ocrx_word' id='word_1_246' title='bbox 1877 1844 1920 1847; x_wconf 94' lang='lat'>——</span> 
     </span>
     <span class='ocr_line' id='line_1_24' title="bbox 88 1877 1918 1921; baseline 0.003 -15"><span class='ocrx_word' id='word_1_247' title='bbox 88 1878 307 1916; x_wconf 71' lang='lat' dir='ltr'>Suspectisque</span> <span class='ocrx_word' id='word_1_248' title='bbox 338 1879 387 1919; x_wconf 77' lang='grc' dir='ltr'><strong>γὶ).</strong></span> <span class='ocrx_word' id='word_1_249' title='bbox 435 1877 534 1917; x_wconf 76' lang='lat' dir='ltr'>Libet]</span> <span class='ocrx_word' id='word_1_250' title='bbox 562 1879 667 1916; x_wconf 74' lang='lat' dir='ltr'>placet</span> <span class='ocrx_word' id='word_1_251' title='bbox 692 1879 742 1920; x_wconf 74' lang='grc' dir='ltr'><strong>γὶ).</strong></span> <span class='ocrx_word' id='word_1_252' title='bbox 792 1880 826 1919; x_wconf 83' lang='grc'>6)</span> <span class='ocrx_word' id='word_1_253' title='bbox 852 1880 985 1909; x_wconf 81' lang='lat' dir='ltr'>adriano</span> <span class='ocrx_word' id='word_1_254' title='bbox 1010 1890 1066 1918; x_wconf 88' lang='lat' dir='ltr'>pro</span> <span class='ocrx_word' id='word_1_255' title='bbox 1090 1879 1269 1910; x_wconf 73' lang='lat' dir='ltr'>hadriatico</span> <span class='ocrx_word' id='word_1_256' title='bbox 1293 1890 1320 1921; x_wconf 79' lang='grc' dir='ltr'><strong>γ.</strong></span> <span class='ocrx_word' id='word_1_257' title='bbox 1347 1881 1495 1918; x_wconf 68' lang='lat' dir='ltr'>adi-ictio,</span> <span class='ocrx_word' id='word_1_258' title='bbox 1537 1883 1668 1919; x_wconf 82' lang='lat' dir='ltr'>punctis</span> <span class='ocrx_word' id='word_1_259' title='bbox 1695 1884 1753 1912; x_wconf 81' lang='lat' dir='ltr'>sub</span> <span class='ocrx_word' id='word_1_260' title='bbox 1779 1887 1849 1913; x_wconf 87' lang='lat' dir='ltr'>tota</span> <span class='ocrx_word' id='word_1_261' title='bbox 1875 1884 1918 1921; x_wconf 79' lang='lat' dir='ltr'>gl.</span> 
     </span>
     <span class='ocr_line' id='line_1_25' title="bbox 87 1932 1919 1978; baseline 0.004 -16"><span class='ocrx_word' id='word_1_262' title='bbox 87 1934 214 1971; x_wconf 82' lang='lat' dir='ltr'>positis.</span> <span class='ocrx_word' id='word_1_263' title='bbox 241 1932 370 1963; x_wconf 79' lang='lat' dir='ltr'>Caddit</span> <span class='ocrx_word' id='word_1_264' title='bbox 396 1943 479 1972; x_wconf 82' lang='lat' dir='ltr'>spec.</span> <span class='ocrx_word' id='word_1_265' title='bbox 506 1944 561 1972; x_wconf 91' lang='lat' dir='ltr'>pro</span> <span class='ocrx_word' id='word_1_266' title='bbox 585 1944 700 1973; x_wconf 77' lang='lat' dir='ltr'>genere</span> <span class='ocrx_word' id='word_1_267' title='bbox 715 1935 875 1974; x_wconf 70' lang='lat' dir='ltr'>(Pol-ph),</span> <span class='ocrx_word' id='word_1_268' title='bbox 901 1935 1106 1974; x_wconf 78' lang='lat' dir='ltr'>—flam7m‘s.</span> <span class='ocrx_word' id='word_1_269' title='bbox 1132 1937 1252 1965; x_wconf 64' lang='lat' dir='ltr'>Amoris</span> <span class='ocrx_word' id='word_1_270' title='bbox 1267 1936 1368 1976; x_wconf 71' lang='lat' dir='ltr'>sesac.</span> <span class='ocrx_word' id='word_1_271' title='bbox 1396 1941 1466 1974; x_wconf 64' lang='lat' dir='ltr'>etc„</span> <span class='ocrx_word' id='word_1_272' title='bbox 1493 1937 1629 1968; x_wconf 84' lang='lat' dir='ltr'>inferius</span> <span class='ocrx_word' id='word_1_273' title='bbox 1655 1941 1806 1977; x_wconf 86' lang='lat' dir='ltr'>ponentis</span> <span class='ocrx_word' id='word_1_274' title='bbox 1833 1940 1919 1978; x_wconf 85' lang='lat' dir='ltr'>glos-</span> 
     </span>
     <span class='ocr_line' id='line_1_26' title="bbox 88 1989 1917 2032; baseline 0.005 -14"><span class='ocrx_word' id='word_1_275' title='bbox 88 1999 173 2019; x_wconf 90' lang='lat' dir='ltr'>sam:</span> <span class='ocrx_word' id='word_1_276' title='bbox 200 1989 229 2018; x_wconf 88' lang='lat' dir='ltr'>A</span> <span class='ocrx_word' id='word_1_277' title='bbox 254 1994 360 2020; x_wconf 90' lang='lat' dir='ltr'>monte</span> <span class='ocrx_word' id='word_1_278' title='bbox 386 2000 426 2020; x_wconf 90' lang='lat' dir='ltr'>m.</span> <span class='ocrx_word' id='word_1_279' title='bbox 454 1992 483 2020; x_wconf 87' lang='lat' dir='ltr'>d.</span> <span class='ocrx_word' id='word_1_280' title='bbox 511 1991 594 2028; x_wconf 74' lang='lat' dir='ltr'>dicit,</span> <span class='ocrx_word' id='word_1_281' title='bbox 620 1990 715 2032; x_wconf 70' lang='grc' dir='ltr'><strong>Αγ11.1·</strong></span> <span class='ocrx_word' id='word_1_282' title='bbox 741 1992 866 2031; x_wconf 59' lang='lat' dir='ltr'>(dia-it).</span> <span class='ocrx_word' id='word_1_283' title='bbox 892 1992 963 2021; x_wconf 80' lang='lat' dir='ltr'>Non</span> <span class='ocrx_word' id='word_1_284' title='bbox 986 1992 1097 2031; x_wconf 63' lang='lat' dir='ltr'>De&#39;nd]</span> <span class='ocrx_word' id='word_1_285' title='bbox 1134 1993 1284 2023; x_wconf 87' lang='lat' dir='ltr'>Amonte</span> <span class='ocrx_word' id='word_1_286' title='bbox 1309 2003 1350 2023; x_wconf 93' lang='lat' dir='ltr'>m.</span> <span class='ocrx_word' id='word_1_287' title='bbox 1377 1994 1408 2023; x_wconf 92' lang='lat' dir='ltr'>d.</span> <span class='ocrx_word' id='word_1_288' title='bbox 1434 1994 1514 2024; x_wconf 86' lang='lat' dir='ltr'>dicit</span> <span class='ocrx_word' id='word_1_289' title='bbox 1547 1993 1696 2025; x_wconf 82' lang='lat' dir='ltr'>Cmvafh.</span> <span class='ocrx_word' id='word_1_290' title='bbox 1730 1997 1917 2027; x_wconf 80' lang='lat' dir='ltr'>bachantes.</span> 
     </span>
     <span class='ocr_line' id='line_1_27' title="bbox 90 2045 1918 2091; baseline 0.004 -17"><span class='ocrx_word' id='word_1_291' title='bbox 90 2045 322 2085; x_wconf 84' lang='lat' dir='ltr'>Dindymenem</span> <span class='ocrx_word' id='word_1_292' title='bbox 346 2064 388 2067; x_wconf 80' lang='lat'>—-</span> <span class='ocrx_word' id='word_1_293' title='bbox 415 2047 494 2077; x_wconf 88' lang='lat' dir='ltr'>dicit</span> <span class='ocrx_word' id='word_1_294' title='bbox 518 2048 559 2088; x_wconf 71' lang='lat' dir='ltr'>b&#39;(</span> <span class='ocrx_word' id='word_1_295' title='bbox 583 2047 659 2085; x_wconf 87' lang='lat' dir='ltr'>(om.</span> <span class='ocrx_word' id='word_1_296' title='bbox 685 2047 784 2086; x_wconf 69' lang='lat' dir='ltr'>dicit).</span> <span class='ocrx_word' id='word_1_297' title='bbox 811 2047 1020 2087; x_wconf 66' lang='lat' dir='ltr'>dindymene]</span> <span class='ocrx_word' id='word_1_298' title='bbox 1049 2058 1067 2077; x_wconf 91' lang='lat' dir='ltr'>a</span> <span class='ocrx_word' id='word_1_299' title='bbox 1092 2066 1133 2069; x_wconf 72' lang='lat'>—-</span> <span class='ocrx_word' id='word_1_300' title='bbox 1160 2049 1240 2078; x_wconf 78' lang='lat' dir='ltr'>dicit</span> <span class='ocrx_word' id='word_1_301' title='bbox 1263 2054 1299 2079; x_wconf 84' lang='lat' dir='ltr'>ut</span> <span class='ocrx_word' id='word_1_302' title='bbox 1323 2059 1411 2088; x_wconf 80' lang='lat' dir='ltr'>uerg.</span> <span class='ocrx_word' id='word_1_303' title='bbox 1438 2049 1494 2088; x_wconf 88' lang='lat' dir='ltr'>(A.</span> <span class='ocrx_word' id='word_1_304' title='bbox 1520 2050 1575 2089; x_wconf 83' lang='lat' dir='ltr'>IX,</span> <span class='ocrx_word' id='word_1_305' title='bbox 1593 2052 1689 2091; x_wconf 78' lang='lat'>617):</span> <span class='ocrx_word' id='word_1_306' title='bbox 1714 2051 1752 2081; x_wconf 80' lang='lat' dir='ltr'>z‘te</span> <span class='ocrx_word' id='word_1_307' title='bbox 1771 2062 1831 2090; x_wconf 77' lang='lat' dir='ltr'>per</span> <span class='ocrx_word' id='word_1_308' title='bbox 1855 2053 1918 2082; x_wconf 72' lang='lat' dir='ltr'>alta</span> 
     </span>
     <span class='ocr_line' id='line_1_28' title="bbox 88 2101 1917 2146; baseline 0.004 -16"><span class='ocrx_word' id='word_1_309' title='bbox 88 2101 231 2131; x_wconf 70' lang='lat' dir='ltr'>dindima.</span> <span class='ocrx_word' id='word_1_310' title='bbox 258 2102 416 2140; x_wconf 68' lang='lat' dir='ltr'>plcithiam</span> <span class='ocrx_word' id='word_1_311' title='bbox 441 2112 459 2131; x_wconf 87' lang='lat' dir='ltr'>a</span> <span class='ocrx_word' id='word_1_312' title='bbox 484 2103 615 2141; x_wconf 88' lang='lat' dir='ltr'>pithone</span> <span class='ocrx_word' id='word_1_313' title='bbox 641 2104 814 2141; x_wconf 84' lang='lat' dir='ltr'>apollinem</span> <span class='ocrx_word' id='word_1_314' title='bbox 838 2104 879 2133; x_wconf 91' lang='lat' dir='ltr'>A.</span> <span class='ocrx_word' id='word_1_315' title='bbox 907 2105 1123 2134; x_wconf 82' lang='lat' dir='ltr'>dindimenem</span> <span class='ocrx_word' id='word_1_316' title='bbox 1153 2123 1196 2126; x_wconf 90' lang='lat'>—</span> <span class='ocrx_word' id='word_1_317' title='bbox 1228 2106 1326 2143; x_wconf 81' lang='lat' dir='ltr'>dicit,</span> <span class='ocrx_word' id='word_1_318' title='bbox 1358 2111 1394 2136; x_wconf 88' lang='lat' dir='ltr'>ut</span> <span class='ocrx_word' id='word_1_319' title='bbox 1418 2107 1501 2144; x_wconf 76' lang='lat' dir='ltr'>uirg.</span> <span class='ocrx_word' id='word_1_320' title='bbox 1528 2108 1573 2136; x_wconf 85' lang='lat' dir='ltr'>ite</span> <span class='ocrx_word' id='word_1_321' title='bbox 1597 2117 1628 2145; x_wconf 87' lang='lat' dir='ltr'>p.</span> <span class='ocrx_word' id='word_1_322' title='bbox 1656 2116 1684 2137; x_wconf 82' lang='lat' dir='ltr'>a.</span> <span class='ocrx_word' id='word_1_323' title='bbox 1715 2108 1744 2137; x_wconf 89' lang='lat' dir='ltr'>d.</span> <span class='ocrx_word' id='word_1_324' title='bbox 1777 2110 1917 2146; x_wconf 83' lang='lat' dir='ltr'>pithium</span> 
     </span>
     <span class='ocr_line' id='line_1_29' title="bbox 89 2158 1917 2205; baseline 0.005 -19"><span class='ocrx_word' id='word_1_325' title='bbox 89 2167 106 2186; x_wconf 84' lang='lat' dir='ltr'>a</span> <span class='ocrx_word' id='word_1_326' title='bbox 131 2158 265 2196; x_wconf 86' lang='lat' dir='ltr'>pithone</span> <span class='ocrx_word' id='word_1_327' title='bbox 291 2159 428 2196; x_wconf 82' lang='lat' dir='ltr'>apolline</span> <span class='ocrx_word' id='word_1_328' title='bbox 460 2160 491 2188; x_wconf 89' lang='lat' dir='ltr'>b.</span> <span class='ocrx_word' id='word_1_329' title='bbox 519 2159 610 2189; x_wconf 85' lang='lat' dir='ltr'>dind.</span> <span class='ocrx_word' id='word_1_330' title='bbox 638 2177 680 2180; x_wconf 97' lang='lat'><strong>—</strong></span> <span class='ocrx_word' id='word_1_331' title='bbox 706 2161 862 2190; x_wconf 83' lang='lat' dir='ltr'>dindima.</span> <span class='ocrx_word' id='word_1_332' title='bbox 881 2160 996 2199; x_wconf 70' lang='lat' dir='ltr'>pz‘tlzz&#39;us</span> <span class='ocrx_word' id='word_1_333' title='bbox 1021 2171 1039 2190; x_wconf 86' lang='lat' dir='ltr'>a</span> <span class='ocrx_word' id='word_1_334' title='bbox 1064 2162 1197 2199; x_wconf 83' lang='lat' dir='ltr'>pithone</span> <span class='ocrx_word' id='word_1_335' title='bbox 1223 2163 1394 2200; x_wconf 80' lang='lat' dir='ltr'>apollinem</span> <span class='ocrx_word' id='word_1_336' title='bbox 1419 2172 1502 2204; x_wconf 72' lang='lat'>“{-—</span> <span class='ocrx_word' id='word_1_337' title='bbox 1521 2164 1566 2193; x_wconf 84' lang='lat' dir='ltr'>ite</span> <span class='ocrx_word' id='word_1_338' title='bbox 1591 2172 1647 2201; x_wconf 86' lang='lat' dir='ltr'>per</span> <span class='ocrx_word' id='word_1_339' title='bbox 1671 2165 1738 2194; x_wconf 87' lang='lat' dir='ltr'>alta</span> <span class='ocrx_word' id='word_1_340' title='bbox 1763 2166 1917 2205; x_wconf 80' lang='lat' dir='ltr'>dindyma</span> 
     </span>
     <span class='ocr_line' id='line_1_30' title="bbox 88 2214 1917 2259; baseline 0.004 -16"><span class='ocrx_word' id='word_1_341' title='bbox 88 2214 167 2244; x_wconf 86' lang='lat' dir='ltr'>dicit</span> <span class='ocrx_word' id='word_1_342' title='bbox 196 2215 347 2253; x_wconf 82' lang='lat' dir='ltr'>virgilius</span> <span class='ocrx_word' id='word_1_343' title='bbox 371 2225 397 2245; x_wconf 85' lang='lat' dir='ltr'>r.</span> <span class='ocrx_word' id='word_1_344' title='bbox 440 2215 543 2245; x_wconf 89' lang='lat' dir='ltr'>alieno</span> <span class='ocrx_word' id='word_1_345' title='bbox 566 2216 671 2246; x_wconf 85' lang='lat' dir='ltr'>furore</span> <span class='ocrx_word' id='word_1_346' title='bbox 695 2215 803 2258; x_wconf 68' lang='lat' dir='ltr'>72‚Cr.</span> <span class='ocrx_word' id='word_1_347' title='bbox 828 2217 896 2246; x_wconf 85' lang='lat' dir='ltr'>rell.</span> <span class='ocrx_word' id='word_1_348' title='bbox 925 2217 1022 2247; x_wconf 75' lang='lat' dir='ltr'>alieni</span> <span class='ocrx_word' id='word_1_349' title='bbox 1044 2217 1169 2248; x_wconf 77' lang='lat' dir='ltr'>furoris.</span> <span class='ocrx_word' id='word_1_350' title='bbox 1196 2219 1277 2248; x_wconf 84' lang='lat' dir='ltr'>iram</span> <span class='ocrx_word' id='word_1_351' title='bbox 1307 2219 1342 2248; x_wconf 84' lang='lat' dir='ltr'>ob</span> <span class='ocrx_word' id='word_1_352' title='bbox 1372 2228 1505 2249; x_wconf 64' lang='lat' dir='ltr'>cantorem</span> <span class='ocrx_word' id='word_1_353' title='bbox 1536 2230 1601 2249; x_wconf 88' lang='lat' dir='ltr'>non</span> <span class='ocrx_word' id='word_1_354' title='bbox 1632 2222 1730 2259; x_wconf 86' lang='lat' dir='ltr'>recip.</span> <span class='ocrx_word' id='word_1_355' title='bbox 1765 2223 1846 2250; x_wconf 86' lang='lat' dir='ltr'>mod.</span> <span class='ocrx_word' id='word_1_356' title='bbox 1882 2222 1917 2252; x_wconf 85' lang='lat' dir='ltr'>C.</span> 
     </span>
     <span class='ocr_line' id='line_1_31' title="bbox 89 2270 1916 2318; baseline 0.004 -18"><span class='ocrx_word' id='word_1_357' title='bbox 89 2271 198 2309; x_wconf 78' lang='lat' dir='ltr'>glossa</span> <span class='ocrx_word' id='word_1_358' title='bbox 231 2272 265 2300; x_wconf 90' lang='lat' dir='ltr'>in</span> <span class='ocrx_word' id='word_1_359' title='bbox 289 2272 346 2313; x_wconf 63' lang='lat' dir='ltr'>*sbz</span> <span class='ocrx_word' id='word_1_360' title='bbox 372 2270 554 2310; x_wconf 68' lang='lat' dir='ltr'>dindc&#39;mene]</span> <span class='ocrx_word' id='word_1_361' title='bbox 582 2277 684 2302; x_wconf 85' lang='lat' dir='ltr'>mater</span> <span class='ocrx_word' id='word_1_362' title='bbox 708 2273 802 2302; x_wconf 81' lang='lat' dir='ltr'>deum</span> <span class='ocrx_word' id='word_1_363' title='bbox 828 2273 972 2311; x_wconf 85' lang='lat' dir='ltr'>(deorum</span> <span class='ocrx_word' id='word_1_364' title='bbox 997 2275 1033 2313; x_wconf 76' lang='lat' dir='ltr'>b)</span> <span class='ocrx_word' id='word_1_365' title='bbox 1071 2284 1089 2303; x_wconf 89' lang='lat' dir='ltr'>a</span> <span class='ocrx_word' id='word_1_366' title='bbox 1113 2275 1191 2305; x_wconf 92' lang='grc'><strong>1000.</strong></span> <span class='ocrx_word' id='word_1_367' title='bbox 1233 2276 1266 2304; x_wconf 88' lang='lat' dir='ltr'>in</span> <span class='ocrx_word' id='word_1_368' title='bbox 1291 2275 1359 2318; x_wconf 51' lang='lat' dir='ltr'>Bo:</span> <span class='ocrx_word' id='word_1_369' title='bbox 1393 2275 1582 2315; x_wconf 67' lang='lat' dir='ltr'>clc&#39;ndfflnene]</span> <span class='ocrx_word' id='word_1_370' title='bbox 1618 2281 1722 2306; x_wconf 85' lang='lat' dir='ltr'>mater</span> <span class='ocrx_word' id='word_1_371' title='bbox 1753 2288 1868 2316; x_wconf 81' lang='lat' dir='ltr'>magna</span> <span class='ocrx_word' id='word_1_372' title='bbox 1895 2280 1916 2308; x_wconf 94' lang='lat' dir='ltr'>i.</span> 
     </span>
     <span class='ocr_line' id='line_1_32' title="bbox 87 2327 1919 2375; baseline 0.004 -19"><span class='ocrx_word' id='word_1_373' title='bbox 87 2327 208 2366; x_wconf 75' lang='lat' dir='ltr'>cybele.</span> <span class='ocrx_word' id='word_1_374' title='bbox 259 2327 314 2366; x_wconf 90' lang='lat'>11)</span> <span class='ocrx_word' id='word_1_375' title='bbox 340 2327 464 2357; x_wconf 71' lang='lat' dir='ltr'>liberum</span> <span class='ocrx_word' id='word_1_376' title='bbox 488 2329 586 2359; x_wconf 81' lang='lat' dir='ltr'>etiam</span> <span class='ocrx_word' id='word_1_377' title='bbox 611 2330 665 2367; x_wconf 88' lang='lat' dir='ltr'>qui</span> <span class='ocrx_word' id='word_1_378' title='bbox 690 2328 781 2358; x_wconf 72' lang='lat' dir='ltr'>simili</span> <span class='ocrx_word' id='word_1_379' title='bbox 805 2328 917 2367; x_wconf 84' lang='lat' dir='ltr'>(simul</span> <span class='ocrx_word' id='word_1_380' title='bbox 942 2331 977 2369; x_wconf 86' lang='lat' dir='ltr'>b)</span> <span class='ocrx_word' id='word_1_381' title='bbox 1003 2331 1184 2360; x_wconf 79' lang='lat' dir='ltr'>sacerdotes</span> <span class='ocrx_word' id='word_1_382' title='bbox 1211 2335 1304 2360; x_wconf 70' lang='grc' dir='ltr'><strong>11οΧοΐ</strong></span> <span class='ocrx_word' id='word_1_383' title='bbox 1327 2331 1431 2369; x_wconf 68' lang='lat' dir='ltr'>(uexit</span> <span class='ocrx_word' id='word_1_384' title='bbox 1453 2332 1484 2373; x_wconf 79' lang='grc' dir='ltr'>γ)</span> <span class='ocrx_word' id='word_1_385' title='bbox 1511 2341 1581 2361; x_wconf 85' lang='lat' dir='ltr'>suos</span> <span class='ocrx_word' id='word_1_386' title='bbox 1606 2332 1711 2362; x_wconf 85' lang='lat' dir='ltr'>furore</span> <span class='ocrx_word' id='word_1_387' title='bbox 1729 2334 1809 2375; x_wconf 42' lang='lat' dir='ltr'>Ayb.</span> <span class='ocrx_word' id='word_1_388' title='bbox 1828 2334 1919 2364; x_wconf 76' lang='lat' dir='ltr'>Liber</span> 
     </span>
     <span class='ocr_line' id='line_1_33' title="bbox 87 2383 1918 2426; baseline 0.004 -14"><span class='ocrx_word' id='word_1_389' title='bbox 87 2383 192 2422; x_wconf 74' lang='lat' dir='ltr'>aeque]</span> <span class='ocrx_word' id='word_1_390' title='bbox 228 2383 324 2413; x_wconf 85' lang='lat' dir='ltr'>Liber</span> <span class='ocrx_word' id='word_1_391' title='bbox 349 2385 445 2413; x_wconf 85' lang='lat' dir='ltr'>etiam</span> <span class='ocrx_word' id='word_1_392' title='bbox 470 2386 525 2422; x_wconf 88' lang='lat' dir='ltr'>qui</span> <span class='ocrx_word' id='word_1_393' title='bbox 551 2384 695 2414; x_wconf 68' lang='lat' dir='ltr'>similiter</span> <span class='ocrx_word' id='word_1_394' title='bbox 719 2386 900 2415; x_wconf 74' lang='lat' dir='ltr'>sacerdotes</span> <span class='ocrx_word' id='word_1_395' title='bbox 926 2395 999 2416; x_wconf 78' lang='lat' dir='ltr'>suas</span> <span class='ocrx_word' id='word_1_396' title='bbox 1024 2391 1124 2416; x_wconf 78' lang='lat' dir='ltr'>uexat</span> <span class='ocrx_word' id='word_1_397' title='bbox 1145 2386 1251 2417; x_wconf 85' lang='lat' dir='ltr'>furore</span> <span class='ocrx_word' id='word_1_398' title='bbox 1280 2387 1346 2417; x_wconf 81' lang='lat' dir='ltr'>afh.</span> <span class='ocrx_word' id='word_1_399' title='bbox 1379 2389 1433 2426; x_wconf 90' lang='lat' dir='ltr'>qui</span> <span class='ocrx_word' id='word_1_400' title='bbox 1466 2388 1607 2418; x_wconf 74' lang='lat' dir='ltr'>siniz&#39;lt’ter</span> <span class='ocrx_word' id='word_1_401' title='bbox 1637 2399 1700 2419; x_wconf 82' lang='lat' dir='ltr'>sac.</span> <span class='ocrx_word' id='word_1_402' title='bbox 1732 2396 1833 2420; x_wconf 73' lang='lat' dir='ltr'>uexat</span> <span class='ocrx_word' id='word_1_403' title='bbox 1863 2400 1918 2420; x_wconf 88' lang='lat' dir='ltr'>suo</span> 
     </span>
     <span class='ocr_line' id='line_1_34' title="bbox 86 2439 1914 2483; baseline 0.004 -15"><span class='ocrx_word' id='word_1_404' title='bbox 86 2439 192 2469; x_wconf 84' lang='lat' dir='ltr'>furore</span> <span class='ocrx_word' id='word_1_405' title='bbox 216 2449 241 2469; x_wconf 87' lang='lat' dir='ltr'>r.</span> <span class='ocrx_word' id='word_1_406' title='bbox 275 2449 337 2469; x_wconf 87' lang='lat' dir='ltr'>sac.</span> <span class='ocrx_word' id='word_1_407' title='bbox 364 2445 463 2470; x_wconf 72' lang='lat' dir='ltr'>uexat</span> <span class='ocrx_word' id='word_1_408' title='bbox 486 2450 557 2470; x_wconf 83' lang='lat' dir='ltr'>suos</span> <span class='ocrx_word' id='word_1_409' title='bbox 581 2441 722 2471; x_wconf 86' lang='lat' dir='ltr'>furorere</span> <span class='ocrx_word' id='word_1_410' title='bbox 746 2442 783 2471; x_wconf 85' lang='lat' dir='ltr'>R.</span> <span class='ocrx_word' id='word_1_411' title='bbox 831 2442 955 2481; x_wconf 65' lang='lat' dir='ltr'>Pythius</span> <span class='ocrx_word' id='word_1_412' title='bbox 979 2442 1092 2480; x_wconf 89' lang='lat' dir='ltr'>Apollo</span> <span class='ocrx_word' id='word_1_413' title='bbox 1118 2453 1135 2472; x_wconf 89' lang='lat' dir='ltr'>a</span> <span class='ocrx_word' id='word_1_414' title='bbox 1160 2444 1307 2482; x_wconf 81' lang='lat' dir='ltr'>Pythone</span> <span class='ocrx_word' id='word_1_415' title='bbox 1333 2449 1467 2483; x_wconf 68' lang='lat' dir='ltr'>serpente</span> <span class='ocrx_word' id='word_1_416' title='bbox 1491 2454 1510 2473; x_wconf 86' lang='lat' dir='ltr'>a</span> <span class='ocrx_word' id='word_1_417' title='bbox 1535 2454 1568 2474; x_wconf 87' lang='lat' dir='ltr'>se</span> <span class='ocrx_word' id='word_1_418' title='bbox 1595 2446 1773 2475; x_wconf 81' lang='lat' dir='ltr'>interfecto.</span> <span class='ocrx_word' id='word_1_419' title='bbox 1814 2446 1914 2475; x_wconf 80' lang='lat' dir='ltr'>Liber.</span> 
     </span>
     <span class='ocr_line' id='line_1_35' title="bbox 87 2495 1918 2541; baseline 0.004 -17"><span class='ocrx_word' id='word_1_420' title='bbox 87 2495 232 2525; x_wconf 87' lang='lat' dir='ltr'>Bacchus</span> <span class='ocrx_word' id='word_1_421' title='bbox 250 2497 304 2534; x_wconf 88' lang='lat' dir='ltr'>qui</span> <span class='ocrx_word' id='word_1_422' title='bbox 331 2496 476 2526; x_wconf 74' lang='lat' dir='ltr'>similiter</span> <span class='ocrx_word' id='word_1_423' title='bbox 500 2506 570 2526; x_wconf 84' lang='lat' dir='ltr'>suos</span> <span class='ocrx_word' id='word_1_424' title='bbox 595 2498 778 2528; x_wconf 78' lang='lat' dir='ltr'>sacerdotes</span> <span class='ocrx_word' id='word_1_425' title='bbox 802 2498 908 2528; x_wconf 79' lang='lat' dir='ltr'>furere</span> <span class='ocrx_word' id='word_1_426' title='bbox 921 2498 1016 2537; x_wconf 75' lang='lat' dir='ltr'>facit.</span> <span class='ocrx_word' id='word_1_427' title='bbox 1044 2499 1078 2528; x_wconf 90' lang='lat' dir='ltr'>C.</span> <span class='ocrx_word' id='word_1_428' title='bbox 1097 2504 1231 2538; x_wconf 76' lang='lat' dir='ltr'>serpente</span> <span class='ocrx_word' id='word_1_429' title='bbox 1255 2510 1315 2530; x_wconf 90' lang='lat' dir='ltr'>om.</span> <span class='ocrx_word' id='word_1_430' title='bbox 1334 2500 1571 2541; x_wconf 51' lang='lat' dir='ltr'>Ayblenva.</span> <span class='ocrx_word' id='word_1_431' title='bbox 1591 2511 1609 2531; x_wconf 91' lang='lat' dir='ltr'>a</span> <span class='ocrx_word' id='word_1_432' title='bbox 1634 2503 1768 2540; x_wconf 87' lang='lat' dir='ltr'>pithone</span> <span class='ocrx_word' id='word_1_433' title='bbox 1784 2507 1918 2540; x_wconf 72' lang='lat' dir='ltr'>serpente</span> 
     </span>
     <span class='ocr_line' id='line_1_36' title="bbox 86 2551 1918 2596; baseline 0.004 -16"><span class='ocrx_word' id='word_1_434' title='bbox 86 2551 229 2590; x_wconf 68' lang='lat' dir='ltr'>apellavit</span> <span class='ocrx_word' id='word_1_435' title='bbox 250 2552 287 2581; x_wconf 87' lang='lat' dir='ltr'>R.</span> <span class='ocrx_word' id='word_1_436' title='bbox 313 2552 440 2592; x_wconf 72' lang='lat' dir='ltr'>Pythius</span> <span class='ocrx_word' id='word_1_437' title='bbox 476 2562 494 2582; x_wconf 88' lang='lat' dir='ltr'>a</span> <span class='ocrx_word' id='word_1_438' title='bbox 510 2553 660 2592; x_wconf 84' lang='lat' dir='ltr'>Pythone</span> <span class='ocrx_word' id='word_1_439' title='bbox 692 2559 827 2592; x_wconf 74' lang='lat' dir='ltr'>serpente</span> <span class='ocrx_word' id='word_1_440' title='bbox 858 2555 976 2592; x_wconf 88' lang='lat' dir='ltr'>Apollo</span> <span class='ocrx_word' id='word_1_441' title='bbox 1001 2555 1048 2585; x_wconf 87' lang='lat' dir='ltr'>fh.</span> <span class='ocrx_word' id='word_1_442' title='bbox 1101 2556 1156 2595; x_wconf 78' lang='lat'>13)</span> <span class='ocrx_word' id='word_1_443' title='bbox 1182 2560 1238 2585; x_wconf 87' lang='lat' dir='ltr'>aut</span> <span class='ocrx_word' id='word_1_444' title='bbox 1263 2556 1339 2595; x_wconf 90' lang='lat' dir='ltr'>(om.</span> <span class='ocrx_word' id='word_1_445' title='bbox 1364 2566 1509 2595; x_wconf 82' lang='lat' dir='ltr'>praepos.</span> <span class='ocrx_word' id='word_1_446' title='bbox 1535 2558 1569 2596; x_wconf 60' lang='lat' dir='ltr'>a.)</span> <span class='ocrx_word' id='word_1_447' title='bbox 1595 2559 1716 2588; x_wconf 87' lang='lat' dir='ltr'>tinnitu</span> <span class='ocrx_word' id='word_1_448' title='bbox 1742 2562 1836 2587; x_wconf 82' lang='lat' dir='ltr'>acuta</span> <span class='ocrx_word' id='word_1_449' title='bbox 1862 2563 1918 2588; x_wconf 82' lang='lat' dir='ltr'>aut</span> 
     </span>
     <span class='ocr_line' id='line_1_37' title="bbox 87 2607 1918 2654; baseline 0.003 -17"><span class='ocrx_word' id='word_1_450' title='bbox 87 2617 200 2638; x_wconf 71' lang='lat' dir='ltr'>sonora</span> <span class='ocrx_word' id='word_1_451' title='bbox 216 2607 288 2638; x_wconf 89' lang='lat' dir='ltr'>AG.</span> <span class='ocrx_word' id='word_1_452' title='bbox 307 2608 410 2648; x_wconf 72' lang='lat' dir='ltr'>acuta]</span> <span class='ocrx_word' id='word_1_453' title='bbox 439 2613 529 2639; x_wconf 76' lang='lat' dir='ltr'>acuta</span> <span class='ocrx_word' id='word_1_454' title='bbox 546 2619 564 2639; x_wconf 83' lang='lat' dir='ltr'>a</span> <span class='ocrx_word' id='word_1_455' title='bbox 589 2609 633 2648; x_wconf 91' lang='lat' dir='ltr'>(a.</span> <span class='ocrx_word' id='word_1_456' title='bbox 652 2626 696 2640; x_wconf 66' lang='lat' dir='ltr'><strong><em>z</em></strong></span> <span class='ocrx_word' id='word_1_457' title='bbox 713 2609 826 2650; x_wconf 77' lang='lat' dir='ltr'>aera?)</span> <span class='ocrx_word' id='word_1_458' title='bbox 853 2611 969 2641; x_wconf 75' lang='lat' dir='ltr'>tinnitu</span> <span class='ocrx_word' id='word_1_459' title='bbox 994 2616 1049 2641; x_wconf 84' lang='lat' dir='ltr'>aut</span> <span class='ocrx_word' id='word_1_460' title='bbox 1075 2622 1187 2642; x_wconf 83' lang='lat' dir='ltr'>sonora</span> <span class='ocrx_word' id='word_1_461' title='bbox 1205 2622 1231 2654; x_wconf 77' lang='grc' dir='ltr'>γ.</span> <span class='ocrx_word' id='word_1_462' title='bbox 1250 2623 1268 2642; x_wconf 86' lang='lat' dir='ltr'>a</span> <span class='ocrx_word' id='word_1_463' title='bbox 1292 2614 1410 2643; x_wconf 76' lang='lat' dir='ltr'>tinnitu</span> <span class='ocrx_word' id='word_1_464' title='bbox 1428 2618 1523 2643; x_wconf 70' lang='lat' dir='ltr'>acuta</span> <span class='ocrx_word' id='word_1_465' title='bbox 1541 2613 1667 2651; x_wconf 79' lang='lat' dir='ltr'>(accuta</span> <span class='ocrx_word' id='word_1_466' title='bbox 1687 2614 1719 2653; x_wconf 89' lang='lat'>1)</span> <span class='ocrx_word' id='word_1_467' title='bbox 1737 2619 1789 2643; x_wconf 72' lang='lat' dir='ltr'>(cut</span> <span class='ocrx_word' id='word_1_468' title='bbox 1804 2624 1918 2644; x_wconf 85' lang='lat' dir='ltr'>sonora</span> 
     </span>
     <span class='ocr_line' id='line_1_38' title="bbox 90 2665 1916 2708; baseline 0.004 -15"><span class='ocrx_word' id='word_1_469' title='bbox 90 2666 183 2693; x_wconf 84' lang='lat' dir='ltr'>l.mv.</span> <span class='ocrx_word' id='word_1_470' title='bbox 202 2673 221 2693; x_wconf 84' lang='lat' dir='ltr'>a</span> <span class='ocrx_word' id='word_1_471' title='bbox 245 2665 305 2693; x_wconf 93' lang='lat' dir='ltr'>tin.</span> <span class='ocrx_word' id='word_1_472' title='bbox 332 2669 427 2695; x_wconf 87' lang='lat' dir='ltr'>acuta</span> <span class='ocrx_word' id='word_1_473' title='bbox 451 2670 547 2695; x_wconf 77' lang='lat' dir='ltr'>autem</span> <span class='ocrx_word' id='word_1_474' title='bbox 572 2676 639 2696; x_wconf 81' lang='lat' dir='ltr'>son.</span> <span class='ocrx_word' id='word_1_475' title='bbox 666 2676 694 2696; x_wconf 89' lang='lat' dir='ltr'>a.</span> <span class='ocrx_word' id='word_1_476' title='bbox 719 2672 772 2696; x_wconf 75' lang='lat' dir='ltr'>aut</span> <span class='ocrx_word' id='word_1_477' title='bbox 795 2677 814 2696; x_wconf 88' lang='lat' dir='ltr'>a</span> <span class='ocrx_word' id='word_1_478' title='bbox 838 2668 895 2697; x_wconf 87' lang='lat' dir='ltr'>tin.</span> <span class='ocrx_word' id='word_1_479' title='bbox 922 2672 1015 2697; x_wconf 85' lang='lat' dir='ltr'>acuta</span> <span class='ocrx_word' id='word_1_480' title='bbox 1040 2672 1096 2697; x_wconf 84' lang='lat' dir='ltr'>aut</span> <span class='ocrx_word' id='word_1_481' title='bbox 1115 2678 1181 2698; x_wconf 87' lang='lat' dir='ltr'>son.</span> <span class='ocrx_word' id='word_1_482' title='bbox 1216 2670 1261 2698; x_wconf 91' lang='lat' dir='ltr'>fh.</span> <span class='ocrx_word' id='word_1_483' title='bbox 1281 2669 1342 2705; x_wconf 81' lang='lat' dir='ltr'>Qui</span> <span class='ocrx_word' id='word_1_484' title='bbox 1360 2670 1459 2699; x_wconf 81' lang='lat' dir='ltr'>schol.</span> <span class='ocrx_word' id='word_1_485' title='bbox 1478 2679 1539 2699; x_wconf 89' lang='lat' dir='ltr'>non</span> <span class='ocrx_word' id='word_1_486' title='bbox 1564 2670 1742 2707; x_wconf 74' lang='lat' dir='ltr'>intellexit,</span> <span class='ocrx_word' id='word_1_487' title='bbox 1767 2672 1916 2708; x_wconf 82' lang='lat' dir='ltr'>scripsit:</span> 
     </span>
     <span class='ocr_line' id='line_1_39' title="bbox 87 2721 1915 2764; baseline 0.004 -15"><span class='ocrx_word' id='word_1_488' title='bbox 87 2730 105 2749; x_wconf 83' lang='lat' dir='ltr'>a</span> <span class='ocrx_word' id='word_1_489' title='bbox 130 2721 254 2750; x_wconf 87' lang='lat' dir='ltr'>tinnitu</span> <span class='ocrx_word' id='word_1_490' title='bbox 278 2725 374 2751; x_wconf 80' lang='lat' dir='ltr'>acuta</span> <span class='ocrx_word' id='word_1_491' title='bbox 401 2721 488 2762; x_wconf 89' lang='lat' dir='ltr'>[aut]</span> <span class='ocrx_word' id='word_1_492' title='bbox 510 2732 635 2752; x_wconf 82' lang='lat' dir='ltr'>sonora.</span> <span class='ocrx_word' id='word_1_493' title='bbox 659 2733 691 2752; x_wconf 87' lang='lat' dir='ltr'>r:</span> <span class='ocrx_word' id='word_1_494' title='bbox 718 2724 750 2752; x_wconf 89' lang='lat' dir='ltr'>id</span> <span class='ocrx_word' id='word_1_495' title='bbox 775 2727 823 2753; x_wconf 81' lang='lat' dir='ltr'>est</span> <span class='ocrx_word' id='word_1_496' title='bbox 850 2725 972 2754; x_wconf 69' lang='lat' dir='ltr'>tinnitu</span> <span class='ocrx_word' id='word_1_497' title='bbox 996 2728 1090 2754; x_wconf 83' lang='lat' dir='ltr'>acuto</span> <span class='ocrx_word' id='word_1_498' title='bbox 1108 2724 1165 2763; x_wconf 78' lang='lat' dir='ltr'>(ex</span> <span class='ocrx_word' id='word_1_499' title='bbox 1182 2725 1294 2764; x_wconf 78' lang='lat' dir='ltr'>Vei-g.)</span> <span class='ocrx_word' id='word_1_500' title='bbox 1321 2730 1376 2755; x_wconf 86' lang='lat' dir='ltr'>aut</span> <span class='ocrx_word' id='word_1_501' title='bbox 1394 2735 1518 2755; x_wconf 79' lang='lat' dir='ltr'>sonora.</span> <span class='ocrx_word' id='word_1_502' title='bbox 1538 2727 1573 2755; x_wconf 85' lang='lat' dir='ltr'>b:</span> <span class='ocrx_word' id='word_1_503' title='bbox 1604 2730 1700 2755; x_wconf 84' lang='lat' dir='ltr'>acuta</span> <span class='ocrx_word' id='word_1_504' title='bbox 1718 2731 1771 2756; x_wconf 88' lang='lat' dir='ltr'>aut</span> <span class='ocrx_word' id='word_1_505' title='bbox 1791 2736 1915 2756; x_wconf 81' lang='lat' dir='ltr'>sonora.</span> 
     </span>
     <span class='ocr_line' id='line_1_40' title="bbox 90 2777 1915 2820; baseline 0.004 -14"><span class='ocrx_word' id='word_1_506' title='bbox 90 2777 145 2815; x_wconf 80' lang='lat'>14)</span> <span class='ocrx_word' id='word_1_507' title='bbox 172 2777 302 2807; x_wconf 75' lang='lat' dir='ltr'>hinnitu</span> <span class='ocrx_word' id='word_1_508' title='bbox 319 2778 422 2815; x_wconf 63' lang='lat' dir='ltr'>Anna.</span> <span class='ocrx_word' id='word_1_509' title='bbox 449 2778 479 2807; x_wconf 83' lang='lat' dir='ltr'>z&#39;n</span> <span class='ocrx_word' id='word_1_510' title='bbox 504 2779 576 2808; x_wconf 90' lang='lat' dir='ltr'>nitu</span> <span class='ocrx_word' id='word_1_511' title='bbox 601 2788 627 2820; x_wconf 70' lang='grc' dir='ltr'><strong>γ.</strong></span> <span class='ocrx_word' id='word_1_512' title='bbox 646 2779 809 2809; x_wconf 66' lang='lat' dir='ltr'>humanitu</span> <span class='ocrx_word' id='word_1_513' title='bbox 833 2790 863 2810; x_wconf 83' lang='lat' dir='ltr'>v.</span> <span class='ocrx_word' id='word_1_514' title='bbox 891 2784 992 2810; x_wconf 85' lang='lat' dir='ltr'>totum</span> <span class='ocrx_word' id='word_1_515' title='bbox 1018 2781 1116 2811; x_wconf 62' lang='lat' dir='ltr'>&gt;&lt;·h01.</span> <span class='ocrx_word' id='word_1_516' title='bbox 1143 2791 1202 2811; x_wconf 89' lang='lat' dir='ltr'>om.</span> <span class='ocrx_word' id='word_1_517' title='bbox 1228 2783 1257 2811; x_wconf 82' lang='lat' dir='ltr'>b.</span> <span class='ocrx_word' id='word_1_518' title='bbox 1283 2783 1387 2812; x_wconf 88' lang='lat' dir='ltr'>locum</span> <span class='ocrx_word' id='word_1_519' title='bbox 1403 2782 1501 2819; x_wconf 77' lang='lat' dir='ltr'>Vel-g.</span> <span class='ocrx_word' id='word_1_520' title='bbox 1520 2791 1579 2810; x_wconf 91' lang='grc'><strong>0111.</strong></span> <span class='ocrx_word' id='word_1_521' title='bbox 1598 2791 1623 2811; x_wconf 88' lang='lat' dir='ltr'>r.</span> <span class='ocrx_word' id='word_1_522' title='bbox 1641 2782 1851 2812; x_wconf 71' lang='lat' dir='ltr'>tinnitu-th.</span> <span class='ocrx_word' id='word_1_523' title='bbox 1872 2782 1915 2813; x_wconf 87' lang='lat' dir='ltr'>C:</span> 
     </span>
     <span class='ocr_line' id='line_1_41' title="bbox 86 2836 1916 2882; baseline 0.003 -20"><span class='ocrx_word' id='word_1_524' title='bbox 86 2837 184 2862; x_wconf 76' lang='lat' dir='ltr'>acuta.</span> <span class='ocrx_word' id='word_1_525' title='bbox 219 2842 352 2871; x_wconf 84' lang='lat' dir='ltr'>sonora,</span> <span class='ocrx_word' id='word_1_526' title='bbox 394 2843 412 2863; x_wconf 87' lang='lat' dir='ltr'>a</span> <span class='ocrx_word' id='word_1_527' title='bbox 436 2836 561 2865; x_wconf 87' lang='lat' dir='ltr'>tinnitu</span> <span class='ocrx_word' id='word_1_528' title='bbox 585 2836 726 2873; x_wconf 82' lang='lat' dir='ltr'>metaph.</span> <span class='ocrx_word' id='word_1_529' title='bbox 752 2836 843 2874; x_wconf 81' lang='lat' dir='ltr'>Virg.</span> <span class='ocrx_word' id='word_1_530' title='bbox 871 2837 978 2874; x_wconf 89' lang='lat' dir='ltr'>pelion</span> <span class='ocrx_word' id='word_1_531' title='bbox 1003 2838 1126 2867; x_wconf 85' lang='lat' dir='ltr'>tinnitu</span> <span class='ocrx_word' id='word_1_532' title='bbox 1151 2841 1210 2867; x_wconf 75' lang='lat' dir='ltr'>etc.</span> <span class='ocrx_word' id='word_1_533' title='bbox 1262 2838 1317 2875; x_wconf 85' lang='lat'>15)</span> <span class='ocrx_word' id='word_1_534' title='bbox 1343 2838 1441 2867; x_wconf 81' lang='lat' dir='ltr'>schol.</span> <span class='ocrx_word' id='word_1_535' title='bbox 1467 2848 1527 2867; x_wconf 89' lang='grc'><strong>0111.</strong></span> <span class='ocrx_word' id='word_1_536' title='bbox 1556 2838 1650 2876; x_wconf 80' lang='lat' dir='ltr'>AR,r.</span> <span class='ocrx_word' id='word_1_537' title='bbox 1690 2839 1808 2869; x_wconf 72' lang='lat' dir='ltr'>chorii).</span> <span class='ocrx_word' id='word_1_538' title='bbox 1834 2839 1916 2882; x_wconf 69' lang='grc' dir='ltr'><strong>γΒφ.</strong></span> 
     </span>
     <span class='ocr_line' id='line_1_42' title="bbox 85 2888 1916 2935; baseline 0.003 -16"><span class='ocrx_word' id='word_1_539' title='bbox 85 2888 217 2928; x_wconf 60' lang='lat' dir='ltr'>chorio]</span> <span class='ocrx_word' id='word_1_540' title='bbox 246 2890 411 2929; x_wconf 83' lang='lat' dir='ltr'>cytharedi</span> <span class='ocrx_word' id='word_1_541' title='bbox 437 2890 518 2929; x_wconf 83' lang='lat' dir='ltr'>(cita</span> <span class='ocrx_word' id='word_1_542' title='bbox 542 2891 608 2921; x_wconf 84' lang='lat' dir='ltr'>redi</span> <span class='ocrx_word' id='word_1_543' title='bbox 634 2892 672 2935; x_wconf 72' lang='grc' dir='ltr'>φ)</span> <span class='ocrx_word' id='word_1_544' title='bbox 700 2893 812 2922; x_wconf 85' lang='lat' dir='ltr'>matris</span> <span class='ocrx_word' id='word_1_545' title='bbox 839 2893 891 2922; x_wconf 76' lang='lat' dir='ltr'>dffi</span> <span class='ocrx_word' id='word_1_546' title='bbox 908 2908 952 2922; x_wconf 68' lang='lat' dir='ltr'><em>z</em></span> <span class='ocrx_word' id='word_1_547' title='bbox 970 2894 1101 2923; x_wconf 88' lang='lat' dir='ltr'>deorum</span> <span class='ocrx_word' id='word_1_548' title='bbox 1128 2893 1208 2932; x_wconf 88' lang='lat' dir='ltr'>(non</span> <span class='ocrx_word' id='word_1_549' title='bbox 1232 2893 1345 2923; x_wconf 74' lang='lat' dir='ltr'>domim·</span> <span class='ocrx_word' id='word_1_550' title='bbox 1367 2892 1446 2933; x_wconf 79' lang='lat' dir='ltr'>G?).</span> <span class='ocrx_word' id='word_1_551' title='bbox 1465 2895 1502 2923; x_wconf 95' lang='lat' dir='ltr'>V.</span> <span class='ocrx_word' id='word_1_552' title='bbox 1519 2896 1547 2924; x_wconf 81' lang='lat'>0.</span> <span class='ocrx_word' id='word_1_553' title='bbox 1576 2895 1687 2925; x_wconf 76' lang='lat' dir='ltr'>Tristes</span> <span class='ocrx_word' id='word_1_554' title='bbox 1712 2905 1737 2925; x_wconf 82' lang='lat' dir='ltr'>s.</span> <span class='ocrx_word' id='word_1_555' title='bbox 1766 2897 1916 2934; x_wconf 82' lang='lat' dir='ltr'>quatiunt</span> 
     </span>
     <span class='ocr_line' id='line_1_43' title="bbox 86 2947 1916 2992; baseline 0.004 -18"><span class='ocrx_word' id='word_1_556' title='bbox 86 2949 220 2975; x_wconf 84' lang='lat' dir='ltr'>mentem</span> <span class='ocrx_word' id='word_1_557' title='bbox 243 2947 403 2976; x_wconf 83' lang='lat' dir='ltr'>hominum</span> <span class='ocrx_word' id='word_1_558' title='bbox 426 2956 452 2988; x_wconf 78' lang='grc' dir='ltr'>γ.</span> <span class='ocrx_word' id='word_1_559' title='bbox 478 2957 503 2977; x_wconf 89' lang='lat' dir='ltr'>s.</span> <span class='ocrx_word' id='word_1_560' title='bbox 523 2958 552 2986; x_wconf 86' lang='lat' dir='ltr'>q.</span> <span class='ocrx_word' id='word_1_561' title='bbox 568 2952 689 2978; x_wconf 84' lang='lat' dir='ltr'>mentes</span> <span class='ocrx_word' id='word_1_562' title='bbox 705 2948 845 2979; x_wconf 75' lang='lat' dir='ltr'>hominis</span> <span class='ocrx_word' id='word_1_563' title='bbox 861 2950 892 2979; x_wconf 88' lang='lat' dir='ltr'>b.</span> <span class='ocrx_word' id='word_1_564' title='bbox 918 2949 999 2980; x_wconf 85' lang='lat' dir='ltr'>Rell.</span> <span class='ocrx_word' id='word_1_565' title='bbox 1025 2960 1084 2980; x_wconf 90' lang='lat' dir='ltr'>om.</span> <span class='ocrx_word' id='word_1_566' title='bbox 1103 2951 1162 2980; x_wconf 90' lang='lat' dir='ltr'>hoc</span> <span class='ocrx_word' id='word_1_567' title='bbox 1179 2951 1334 2980; x_wconf 89' lang='lat' dir='ltr'>scholion.</span> <span class='ocrx_word' id='word_1_568' title='bbox 1386 2951 1441 2989; x_wconf 85' lang='grc'>16)</span> <span class='ocrx_word' id='word_1_569' title='bbox 1468 2951 1627 2989; x_wconf 75' lang='lat' dir='ltr'>Emplcasis</span> <span class='ocrx_word' id='word_1_570' title='bbox 1651 2956 1693 2981; x_wconf 70' lang='lat' dir='ltr'>est</span> <span class='ocrx_word' id='word_1_571' title='bbox 1716 2962 1775 2981; x_wconf 91' lang='lat' dir='ltr'>om.</span> <span class='ocrx_word' id='word_1_572' title='bbox 1801 2951 1916 2992; x_wconf 54' lang='lat' dir='ltr'>Amc-</span> 
     </span>
     <span class='ocr_line' id='line_1_44' title="bbox 88 3001 1916 3046; baseline 0.005 -17"><span class='ocrx_word' id='word_1_573' title='bbox 88 3001 183 3031; x_wconf 69' lang='lat' dir='ltr'>ansas.</span> <span class='ocrx_word' id='word_1_574' title='bbox 213 3003 240 3031; x_wconf 91' lang='lat'>1.</span> <span class='ocrx_word' id='word_1_575' title='bbox 292 3003 346 3041; x_wconf 80' lang='lat'>17)</span> <span class='ocrx_word' id='word_1_576' title='bbox 374 3003 448 3033; x_wconf 72' lang='lat' dir='ltr'>lonis</span> <span class='ocrx_word' id='word_1_577' title='bbox 473 3013 553 3033; x_wconf 89' lang='lat' dir='ltr'>omn.</span> <span class='ocrx_word' id='word_1_578' title='bbox 580 3005 667 3034; x_wconf 88' lang='lat' dir='ltr'>libri.</span> <span class='ocrx_word' id='word_1_579' title='bbox 710 3004 922 3036; x_wconf 85' lang='lat' dir='ltr'>Scribendum</span> <span class='ocrx_word' id='word_1_580' title='bbox 947 3007 1073 3036; x_wconf 75' lang='lat' dir='ltr'>Noricis</span> <span class='ocrx_word' id='word_1_581' title='bbox 1099 3012 1152 3035; x_wconf 83' lang='lat' dir='ltr'>aut</span> <span class='ocrx_word' id='word_1_582' title='bbox 1180 3006 1289 3037; x_wconf 72' lang='lat' dir='ltr'>Norici</span> <span class='ocrx_word' id='word_1_583' title='bbox 1311 3006 1393 3036; x_wconf 73' lang='lat' dir='ltr'>Iocis.</span> <span class='ocrx_word' id='word_1_584' title='bbox 1420 3007 1501 3037; x_wconf 82' lang='lat' dir='ltr'>conf.</span> <span class='ocrx_word' id='word_1_585' title='bbox 1528 3008 1644 3046; x_wconf 85' lang='lat' dir='ltr'>Porph.</span> <span class='ocrx_word' id='word_1_586' title='bbox 1693 3009 1777 3038; x_wconf 88' lang='lat' dir='ltr'>Plin.</span> <span class='ocrx_word' id='word_1_587' title='bbox 1805 3009 1845 3038; x_wconf 93' lang='lat' dir='ltr'>H.</span> <span class='ocrx_word' id='word_1_588' title='bbox 1871 3010 1916 3045; x_wconf 80' lang='lat' dir='ltr'>N,</span> 
     </span>
     <span class='ocr_line' id='line_1_45' title="bbox 88 3056 1911 3104; baseline 0.004 -18"><span class='ocrx_word' id='word_1_589' title='bbox 88 3056 173 3093; x_wconf 80' lang='lat' dir='ltr'>XXI,</span> <span class='ocrx_word' id='word_1_590' title='bbox 202 3059 238 3087; x_wconf 77' lang='lat'>7:</span> <span class='ocrx_word' id='word_1_591' title='bbox 279 3059 442 3089; x_wconf 77' lang='lat' dir='ltr'>Pannonia</span> <span class='ocrx_word' id='word_1_592' title='bbox 468 3059 545 3089; x_wconf 74' lang='lat' dir='ltr'>hune</span> <span class='ocrx_word' id='word_1_593' title='bbox 567 3060 663 3100; x_wconf 64' lang='lat' dir='ltr'>ffl&#39;ssne&#39;t</span> <span class='ocrx_word' id='word_1_594' title='bbox 685 3065 712 3090; x_wconf 73' lang='lat' dir='ltr'>et</span> <span class='ocrx_word' id='word_1_595' title='bbox 735 3061 845 3091; x_wconf 71' lang='lat' dir='ltr'>Norici</span> <span class='ocrx_word' id='word_1_596' title='bbox 867 3062 1042 3100; x_wconf 74' lang='lat' dir='ltr'>Alpiumque</span> <span class='ocrx_word' id='word_1_597' title='bbox 1066 3063 1185 3101; x_wconf 74' lang='lat' dir='ltr'>aprica.</span> <span class='ocrx_word' id='word_1_598' title='bbox 1226 3062 1320 3103; x_wconf 71' lang='lat' dir='ltr'>A·(‚r:</span> <span class='ocrx_word' id='word_1_599' title='bbox 1348 3063 1504 3093; x_wconf 80' lang='lat' dir='ltr'>laudauit.</span> <span class='ocrx_word' id='word_1_600' title='bbox 1531 3069 1563 3093; x_wconf 76' lang='lat' dir='ltr'>ut</span> <span class='ocrx_word' id='word_1_601' title='bbox 1586 3068 1617 3093; x_wconf 84' lang='lat' dir='ltr'>et</span> <span class='ocrx_word' id='word_1_602' title='bbox 1644 3066 1750 3094; x_wconf 84' lang='lat' dir='ltr'>norica</span> <span class='ocrx_word' id='word_1_603' title='bbox 1777 3075 1801 3094; x_wconf 87' lang='lat' dir='ltr'>s.</span> <span class='ocrx_word' id='word_1_604' title='bbox 1828 3075 1858 3104; x_wconf 86' lang='lat' dir='ltr'>q.</span> <span class='ocrx_word' id='word_1_605' title='bbox 1886 3075 1911 3094; x_wconf 83' lang='lat' dir='ltr'>c.</span> 
     </span>
     <span class='ocr_line' id='line_1_46' title="bbox 89 3114 1704 3156; baseline 0.006 -15"><span class='ocrx_word' id='word_1_606' title='bbox 89 3114 204 3151; x_wconf 85' lang='lat' dir='ltr'>optimi</span> <span class='ocrx_word' id='word_1_607' title='bbox 228 3123 310 3144; x_wconf 83' lang='lat' dir='ltr'>enses</span> <span class='ocrx_word' id='word_1_608' title='bbox 335 3116 417 3145; x_wconf 87' lang='lat' dir='ltr'>fiunt</span> <span class='ocrx_word' id='word_1_609' title='bbox 441 3115 476 3144; x_wconf 85' lang='lat' dir='ltr'>R.</span> <span class='ocrx_word' id='word_1_610' title='bbox 503 3121 567 3154; x_wconf 87' lang='lat' dir='ltr'>opt.</span> <span class='ocrx_word' id='word_1_611' title='bbox 595 3117 682 3155; x_wconf 80' lang='lat' dir='ltr'>glad.</span> <span class='ocrx_word' id='word_1_612' title='bbox 707 3122 774 3146; x_wconf 76' lang='lat' dir='ltr'>sunt</span> <span class='ocrx_word' id='word_1_613' title='bbox 797 3128 822 3148; x_wconf 91' lang='lat' dir='ltr'>r.</span> <span class='ocrx_word' id='word_1_614' title='bbox 848 3118 931 3147; x_wconf 85' lang='lat' dir='ltr'>conf.</span> <span class='ocrx_word' id='word_1_615' title='bbox 949 3118 1021 3148; x_wconf 87' lang='lat' dir='ltr'>Aer.</span> <span class='ocrx_word' id='word_1_616' title='bbox 1042 3118 1122 3155; x_wconf 81' lang='lat' dir='ltr'>adl,</span> <span class='ocrx_word' id='word_1_617' title='bbox 1146 3120 1172 3154; x_wconf 81' lang='grc'>1,</span> <span class='ocrx_word' id='word_1_618' title='bbox 1195 3119 1251 3155; x_wconf 79' lang='grc'>13;</span> <span class='ocrx_word' id='word_1_619' title='bbox 1283 3119 1332 3156; x_wconf 81' lang='grc'>157</span> <span class='ocrx_word' id='word_1_620' title='bbox 1356 3121 1402 3149; x_wconf 83' lang='grc'>17.</span> <span class='ocrx_word' id='word_1_621' title='bbox 1427 3124 1459 3149; x_wconf 79' lang='lat' dir='ltr'>ut</span> <span class='ocrx_word' id='word_1_622' title='bbox 1475 3129 1534 3149; x_wconf 90' lang='grc'><strong>0111.</strong></span> <span class='ocrx_word' id='word_1_623' title='bbox 1556 3119 1704 3151; x_wconf 78' lang='lat' dir='ltr'>Cmvafh.</span> 
     </span>
    </p>
   </div>
   <div class='ocr_carea' id='block_1_4' title="bbox 1963 555 1981 585">
    <p class='ocr_par' dir='ltr' id='par_1_10' title="bbox 1963 555 1981 585">
     <span class='ocr_line' id='line_1_47' title="bbox 1963 555 1981 585; textangle 90"><span class='ocrx_word' id='word_1_624' title='bbox 1963 555 1981 585; x_wconf 51' lang='grc' dir='ltr'>αἱ</span> 
     </span>
    </p>
   </div>
   <div class='ocr_carea' id='block_1_5' title="bbox 1942 921 1982 953">
    <p class='ocr_par' dir='ltr' id='par_1_11' title="bbox 1942 921 1982 953">
     <span class='ocr_line' id='line_1_48' title="bbox 1942 921 1982 953; baseline 0.025 -1"><span class='ocrx_word' id='word_1_625' title='bbox 1942 921 1982 953; x_wconf 87' lang='grc'>10</span> 
     </span>
    </p>
   </div>
   <div class='ocr_carea' id='block_1_6' title="bbox 1945 1288 1984 1319">
    <p class='ocr_par' dir='ltr' id='par_1_12' title="bbox 1945 1288 1984 1319">
     <span class='ocr_line' id='line_1_49' title="bbox 1945 1288 1984 1319; baseline 0 0"><span class='ocrx_word' id='word_1_626' title='bbox 1945 1288 1984 1319; x_wconf 89' lang='grc'>15</span> 
     </span>
    </p>
   </div>
  </div>
 </body>
</html>
