2170 3460
859 103 908 136 IN
935 103 1077 136 eAnaL
1103 103 1192 141 I,6.
1889 93 1941 133 27

230 229 268 269 7.
300 228 384 270 Nec
423 241 566 270 cursus
605 227 774 282 duplic-is
806 241 884 283 per
921 241 1032 267 mare
1066 227 1206 268 [Ile'aeee'.
1275 224 1602 280 Amphibolum,
1643 240 1741 266 nam
1773 226 1942 282 duplicis

120 301 252 343 Ule‘oeez'
285 300 474 355 intellegi
504 306 652 355 potest,
685 300 797 354 quod
828 299 1037 355 significat
1069 298 1232 348 callidi;
1273 305 1406 353 potest
1438 298 1563 339 etiam
1597 300 1766 355 duplicis
1796 313 1941 340 cursus

117 387 193 429 per
223 373 506 415 accusatiuum
539 372 744 428 pluralem
776 372 926 428 accipi,
959 372 1001 412 id
1033 378 1106 422 est,
1139 371 1220 413 itus
1251 386 1300 413 ac
1330 371 1500 413 reditus.

230 448 267 489 8.
301 447 381 490 Nec
411 461 575 488 saeuam
600 447 756 502 Pelopis
788 447 958 488 domum.
1009 444 1144 486 Notae
1165 445 1364 487 historiae
1386 453 1480 487 sunt.
1502 445 1553 487 de
1575 445 1745 486 Tantali
1774 458 1941 500 genere,

117 534 167 562 ex
198 534 280 575 quo
309 519 466 575 Pelops
497 526 623 569 ortus,
656 518 807 560 deinde
838 518 994 560 Atreus
1025 525 1062 559 et
1095 518 1313 572 Thyestes,
1346 518 1498 559 deinde
1531 517 1717 567 Orestes,
1756 517 1807 558 de
1839 531 1941 571 quo-

117 609 207 635 rum
240 593 466 635 sceleribus
497 592 737 648 tragoedias
768 592 958 633 uidemus
990 593 1255 647 compositas,
1289 607 1464 646 quarum
1498 591 1616 633 stilus
1636 605 1721 632 non
1742 589 1822 631 nisi
1845 589 1942 630 sub-

117 667 291 708 limitate
321 673 505 716 ornatur,
539 666 605 707 cui
637 680 680 707 se
710 672 837 721 negat
867 665 936 706 hie
968 672 1091 720 poeta
1123 666 1324 707 sufficere.

235 741 300 781 12.
339 741 468 795 Culpa
501 741 678 781 deterere
709 740 849 793 e'nyem‘.
897 738 1017 780 Belle
1040 739 1160 794 eulpa
1182 741 1347 793 inqem'zk
1379 738 1608 779 humanum
1636 737 1784 778 uitium
1807 742 1944 777 autem

117 828 200 855 non
231 813 345 854 aliud
377 828 501 868 quam
532 812 809 853 humilitatem
840 811 929 853 uult
959 811 1161 866 intellegi.
1224 812 1411 852 Deserere
1442 817 1579 852 autem
1602 810 1790 852 minuere
1811 809 1944 865 signi-

116 887 225 937 ficat,
257 901 308 928 cx
339 886 623 941 consequenti,
656 886 754 940 quia
786 899 892 940 quae
924 884 1180 933 deteruntur,
1212 883 1468 924 minuuntur.

231 961 295 1001 13.
332 961 430 1011 Quis
458 961 627 1002 Mortem
665 960 800 1001 tunica
839 966 982 1000 tectum
1020 958 1294 999 adamantina.
1365 956 1415 996 Id
1454 962 1533 997 est:
1575 969 1681 1010 quac
1726 955 1944 1010 perrumpi

116 1047 200 1075 non
230 1033 380 1088 possit3
412 1033 612 1074 adamans
643 1032 752 1074 enim
782 1032 891 1087 lapis
918 1030 1178 1072 durissimus.
1225 1029 1429 1084 Figurate
1450 1035 1588 1070 autem
1610 1035 1737 1083 negat
1759 1042 1801 1070 se
1822 1042 1944 1083 posse

117 1120 183 1148 res
212 1105 388 1148 bellicas
420 1105 613 1155 seribere7
644 1119 791 1147 uerum
821 1104 999 1146 Varium
1031 1103 1182 1158 potius,
1215 1103 1286 1158 qui
1317 1103 1369 1144 sit
1399 1101 1629 1144 Homerico
1660 1101 1822 1157 spiritu.

232 1180 297 1220 17.
336 1179 418 1222 Nos
460 1181 620 1236 proelia
665 1180 888 1233 uirqe'num,
934 1177 1056 1219 Sectis
1092 1178 1134 1217 m
1164 1177 1321 1218 iuuenis
1366 1176 1567 1230 unyue'bus
1613 1176 1780 1216 aerium.
1849 1173 1946 1215 Non

116 1254 279 1294 iuuenes
317 1254 430 1294 seclis
468 1253 668 1307 torquibus
710 1250 783 1292 sed
820 1252 977 1293 acrium
1014 1250 1216 1304 m'ryz’num
1253 1251 1295 1290 in
1330 1251 1493 1290 iuuenes
1525 1248 1717 1303 quamuis
1748 1248 1947 1301 unym'bus

118 1326 245 1368 sectis.

234 1399 450 1440 cantamus
481 1400 614 1440 uacui.
673 1397 842 1448 Utrum,
882 1412 975 1439 cum
1016 1398 1138 1438 ιιαειιί
1170 1410 1325 1445 sumus,
1364 1410 1417 1436 an
1455 1394 1550 1436 ideo
1581 1395 1685 1435 haec
1718 1401 1941 1443 cantamus,

118 1471 216 1527 quia
246 1474 370 1514 uacui
397 1487 551 1522 sumus,
583 1471 627 1512 id
657 1477 731 1521 est,
763 1486 787 1512 a
817 1470 999 1526 negotiis
1029 1469 1176 1510 liberi?
1238 1466 1365 1520 Quod
1394 1467 1531 1523 magis
1558 1467 1725 1508 uidetur
1752 1466 1944 1515 sensisse,

119 1559 213 1587 cum
244 1544 441 1588 subiciat:
473 1559 554 1587 non
577 1553 744 1601 praeter
775 1545 934 1586 solitam
967 1544 1081 1592 leues,
1113 1543 1156 1583 id
1188 1549 1260 1592 est,
1294 1556 1344 1583 ex
1376 1540 1676 1583 consuetudine
1706 1539 1832 1581 leues.

797 1708 1114 1764 GARMEN
1155 1708 1195 1775 1,
1225 1710 1269 1759 τ.

938 1818 1126 1862 ACRON.

234 1912 270 1951 1.
304 1911 546 1952 Laudabunt
576 1910 649 1951 aliz·
678 1910 832 1950 claram
863 1909 1044 1951 Rhodon.
1104 1906 1344 1947 Munatium
1361 1905 1567 1946 Plancum
1600 1903 1853 1958 adloquitur,
1884 1903 1947 1945 vi-

120 1998 213 2024 rum
253 1982 528 2033 consularem,
569 1981 729 2023 Tibure
766 1982 1002 2031 oriundum,
1045 1981 1088 2021 in
1129 1979 1246 2021 cuius
1277 1978 1456 2034 gratiam
1488 1977 1602 2027 dicit,
1644 1992 1738 2019 eum
1769 1975 1948 2018 diuersis

237 2137 269 2177 1)
295 2137 362 2167 Nec
392 2147 474 2167 curs.
508 2137 648 2175 duplices
672 2136 731 2166 Mr.
771 2135 906 2174 duplicis
932 2137 1000 2173 2,v.
1053 2135 1236 2165 amfibolum
1262 2133 1306 2170 M,
1338 2133 1405 2162 rell.
1438 2132 1579 2170 amphib.
1614 2135 1644 2161 et.
1678 2131 1846 2170 amphyb.,
1884 2139 1945 2160 om.

120 2193 157 2222 R.
189 2193 270 2223 uliaei
292 2193 358 2230 ΜΞ,
390 2192 489 2223 ulixei
514 2193 608 2231 R,rv‚
641 2193 750 2231 ulyxei
777 2191 815 2229 G,
841 2193 960 2232 ulyssei
986 2192 1052 2222 afh.
1103 2192 1137 2230 2)
1164 2194 1268 2229 potest
1295 2189 1394 2227 accipi
1417 2190 1447 2226 2,
1479 2188 1530 2218 fh.
1566 2188 1668 2225 accipi
1699 2191 1758 2216 om.
1791 2187 1851 2216 hoe
1881 2186 1948 2215 1000

120 2259 187 2281 rva.
237 2250 272 2288 2)
298 2249 437 2287 duplices
455 2248 545 2286 2,sh.
579 2250 643 2278 itus
669 2253 696 2278 et
718 2249 781 2278 red.
809 2249 838 2277 2.
865 2249 954 2278 istius
981 2258 1016 2278 ac
1041 2249 1106 2277 red.
1133 2247 1177 2276 M.
1236 2247 1270 2284 6)
1297 2246 1429 2275 uidemus
1463 2254 1554 2282 comp.
1588 2243 1714 2273 MARQ.
1748 2252 1848 2280 comp.
1883 2242 1949 2271 uid.

123 2304 161 2335 G.
187 2315 286 2343 comp.
311 2306 419 2335 scimus
444 2305 509 2335 afh.
534 2305 668 2334 uidemus
693 2315 752 2334 om.
787 2315 834 2334 rv.
883 2305 918 2343 6)
943 2304 1048 2334 Verba
1073 2313 1130 2333 non
1153 2303 1213 2332 nisi
1235 2302 1413 2331 sublimitate
1447 2302 1528 2330 bene
1563 2310 1596 2329 se
1629 2300 1747 2328 habent
1773 2308 1831 2327 nec
1856 2298 1949 2336 quid-

124 2370 217 2399 quam
250 2362 324 2390 addi
356 2362 461 2397 debet,
495 2371 568 2391 nam
592 2365 697 2391 tumor
729 2361 797 2390 siue
831 2361 1014 2390 :ublimitas
1047 2359 1146 2398 (conf.
1174 2359 1256 2388 Plin.
1282 2358 1389 2396 Epist.
1414 2357 1471 2395 IX,
1498 2357 1555 2395 26)
1590 2356 1677 2385 solus
1709 2355 1949 2393 tragoediarum

123 2419 258 2446 istarum
283 2421 414 2447 ornatus
440 2417 551 2447 fertur.
577 2417 745 2447 Absonum
771 2417 865 2455 plane
891 2420 976 2446 esset
1006 2417 1275 2450 additamentum,
1310 2414 1392 2452 quod
1424 2414 1550 2451 publice
1574 2412 1706 2450 prodiit,
1731 2410 1851 2449 z'nsz'ym‘,
1878 2419 1949 2439 cum

123 2474 306 2503 sublimitas
325 2473 433 2502 indole
451 2483 507 2503 sua
527 2474 589 2502 iam
616 2474 753 2511 insignis
773 2474 827 2503 sit.
853 2473 1030 2503 Verborum
1057 2476 1088 2502 et
1114 2472 1349 2501 sententiarum
1374 2470 1550 2499 luminibus
1575 2473 1738 2505 tamquam
1765 2467 1949 2504 insignibus

123 2531 156 2559 in
181 2533 295 2559 ornatu
318 2530 421 2559 omnis
439 2530 704 2568 distinguebatur
729 2530 842 2559 oratio.
891 2529 1002 2567 Neque
1028 2529 1125 2558 etiam
1150 2528 1331 2557 litterarum
1358 2525 1573 2555 similitudine
1592 2523 1839 2561 praestantioris
1866 2522 1950 2551 indi-

124 2594 233 2624 gemus
258 2585 400 2614 medelae
423 2585 578 2614 narrandi
599 2584 782 2621 sublimitate,
809 2585 849 2614 ad
875 2594 969 2622 quam
994 2584 1078 2614 conf.
1097 2584 1181 2614 Plin.
1207 2583 1311 2621 Epist.
1338 2582 1362 2620 Ι,
1392 2583 1429 2611 16
1458 2585 1489 2611 et
1515 2581 1597 2610 infra
1621 2580 1675 2617 qui
1701 2579 1819 2608 dicitur
1842 2579 1950 2607 Home-

123 2641 205 2671 ricus
229 2641 361 2680 spiritus.
389 2641 515 2671 Scelera
539 2642 573 2670 in
598 2641 780 2679 Tragoedia
811 2641 972 2678 descripta
1004 2643 1079 2670 sunt
1110 2650 1128 2668 a
1153 2640 1248 2669 Vario
1273 2638 1347 2677 stylo
1372 2637 1490 2667 sublimi
1514 2636 1549 2665 C.
1601 2636 1635 2674 7)
1661 2635 1763 2664 fertur
1788 2634 1855 2664 afh.
1882 2634 1950 2663 rell.

125 2701 266 2727 ornatur.
315 2698 349 2736 8)
376 2697 518 2726 deserere
544 2696 664 2736 ingenii
686 2697 729 2727 M.
781 2697 814 2736 9)
841 2697 1008 2726 deterrere
1032 2696 1075 2725 M.
1128 2696 1182 2735 10)
1214 2696 1421 2725 deterruntur
1446 2692 1489 2721 M.
1517 2692 1717 2721 minuuntur.
1743 2690 1848 2728 MRG,
1881 2690 1949 2719 rell.

125 2754 391 2783 comminuuntur.
424 2757 451 2782 et
481 2763 609 2791 conseq.
636 2753 679 2781 M.
707 2762 748 2782 ex
778 2762 905 2790 conseq.
936 2752 1004 2788 AR,
1036 2752 1104 2781 rell.
1131 2756 1158 2780 et
1189 2761 1225 2780 ea·
1257 2759 1383 2787 conseq.
1435 2748 1489 2785 12)
1516 2749 1667 2776 adamans
1698 2746 1741 2775 M.
1773 2746 1840 2776 rell.
1873 2746 1950 2774 ada—

125 2818 198 2838 mas.
239 2809 294 2848 14)
320 2809 365 2838 M.
392 2810 423 2839 in
448 2809 552 2838 10111111.
580 2818 639 2839 0111.
665 2808 697 2837 in
720 2808 782 2837 iuu.
809 2812 840 2838 et
865 2808 992 2846 acrium,
1019 2817 1122 2837 acrum
1138 2807 1166 2836 R
1191 2808 1224 2837 in
1250 2807 1354 2836 lemni.
1381 2805 1444 2834 Nos
1470 2808 1548 2833 sect..
1575 2813 1650 2842 ung.
1671 2811 1724 2832 seu
1740 2802 1776 2831 R.
1803 2802 1950 2840 quamuis

126 2866 225 2894 sectis
251 2874 326 2903 ung.
344 2865 384 2894 A.
409 2875 439 2903 q.
466 2874 543 2903 ung.
571 2865 668 2894 sectis
686 2863 811 2894 M2RG.
838 2864 943 2894 Schol.
971 2865 1009 2893 ab
1037 2864 1107 2893 edd.
1135 2864 1236 2892 abest.
1290 2862 1345 2900 19)
1371 2864 1397 2889 et
1420 2864 1565 2890 consuet.
1591 2859 1634 2888 M.

217 2919 368 2951 ACRON.
416 2920 469 2950 Ad
492 2921 667 2950 munatium
693 2921 842 2958 plancum
859 2920 899 2949 A.
918 2921 951 2949 in
977 2920 1042 2949 cod.
1062 2919 1161 2949 schol.
1191 2922 1219 2947 et
1239 2917 1316 2946 Hor.
1344 2916 1487 2954 Septima
1512 2916 1569 2945 ode
1594 2915 1634 2944 ad
1658 2915 1836 2944 numacium
1861 2913 1951 2951 plan-

127 2986 197 3006 cum
233 2978 416 3015 paranetice
452 2976 572 3006 dicolos
602 2976 639 3005 R.
689 2975 738 3005 Ad
770 2977 958 3006 Numatium
988 2976 1141 3005 Plancum
1174 2973 1384 3004 Consularem
1408 2982 1432 3002 r.
1458 2972 1608 3002 tiburtem
1631 2969 1787 3001 AbGCm.
1814 2969 1951 2999 oriundo

128 3032 253 3063 Ame.
286 3032 403 3071 origine
428 3031 464 3062 C.
495 3034 615 3062 tiburte
644 3033 779 3063 oriundo
804 3033 835 3062 2.

241 3089 299 3127 25)
327 3089 498 3128 Tyburtem
522 3089 686 3119 oriundum
709 3099 756 3119 rv.
788 3089 896 3119 tibure
924 3087 1094 3118 oriundum
1118 3085 1176 3116 flia
1201 3083 1313 3124 (tyb).

1972 888 2011 918 10

1971 1253 2012 1284 15

1973 1617 2014 1649 20
