2283 3535
735 224 781 255 IN
808 224 941 254 ieron.
970 224 1030 254 xi.
1060 224 1138 255 ΧΠ.
1765 215 1845 255 495

26 345 288 387 seueritatem
320 345 537 400 pepulerat
568 352 736 400 pectore
772 360 877 395 meo,
923 353 1009 387 tum
1055 360 1133 400 ego
1179 345 1334 387 amoris
1378 346 1459 387 mei
1505 346 1702 388 iniuriam
1746 346 1848 388 flens

24 418 135 472 apud
165 425 203 458 te
235 418 451 472 querebar.
516 419 839 459 [nuez-eenndum
870 434 971 473 ergo
1003 420 1116 460 deum
1150 418 1353 459 Liberum
1386 420 1472 459 uult
1504 420 1705 474 intellegi,
1737 420 1848 473 quod

26 490 356 531 inuereeundum
389 505 478 531 sese
510 505 585 545 per
615 491 887 531 uinolentiznn
918 494 1084 532 faceret.

139 564 202 605 15.
234 564 339 619 quod
369 565 406 604 si
430 568 525 605 meis
545 565 739 605 inaestuet
766 579 829 619 pr.
852 566 876 605 l.
899 565 932 605 Ι).
995 563 1224 606 Confundit
1256 564 1452 605 lectorem
1482 565 1663 606 uarietas
1698 565 1848 606 eloeu—

25 636 163 678 tionis.
223 635 293 677 Ab
325 636 491 678 oblicua
522 637 632 677 enim
664 637 850 678 oratione
886 637 1033 678 transit
1070 638 1123 677 ad
1161 644 1338 685 reetam3
1384 652 1481 677 nam
1521 652 1648 692 supra
1685 638 1848 678 oblieue

25 709 206 750 dixerat:
240 711 434 765 querebar
464 710 532 750 tibi
557 711 655 751 ne'lm'l
686 712 824 751 ualere
861 712 1078 752 candalum
1109 713 1304 766 pauperis
1325 712 1548 765 inqem‘mn;
1580 719 1622 751 at
1641 710 1745 751 haee
1766 711 1848 750 iarn

25 788 138 824 reeta
169 790 248 824 est:
281 784 385 838 quod
415 784 451 823 εί
477 783 572 823 meis
603 784 776 824 inas-cue!
800 784 1054 839 praecordiis
1086 790 1161 824 ete.

139 857 202 897 18.
236 857 383 897 desinet
412 857 622 912 inparibus
653 871 682 897 c.
715 865 932 897 summotus
960 872 999 912 p.
1073 856 1313 910 Inparibus,
1355 856 1530 897 aemulis
1561 855 1732 906 scilieet,
1779 855 1849 910 qui

24 928 171 984 largiri
202 929 332 970 multa
363 936 547 984 possunt,
580 944 675 970 eum
705 944 784 984 ego
815 945 898 970 non
929 930 1098 984 possim.
1174 930 1388 984 Inparibus
1420 936 1557 970 autem
1590 938 1744 970 cerlare
1775 944 1850 984 per

25 1002 212 1043 datiuum
234 1017 375 1043 casum
404 1002 630 1057 figuratum
661 1010 734 1052 est,
766 1010 810 1043 ut.
840 1002 953 1057 apud
982 1002 1091 1056 Verq.
1124 1001 1193 1055 (B.
1216 1001 1269 1051 V,
1293 1003 1358 1055 8):
1397 1003 1466 1043 tibi
1495 1011 1620 1043 certat
1644 1006 1848 1058 Amyntas.

139 1076 204 1116 19.
239 1075 306 1116 uba·
332 1076 428 1117 llaec
459 1092 487 1116 s.
523 1084 547 1116 t.
571 1092 613 1132 p.
647 1077 671 1116 l.
731 1075 827 1116 Hoe
857 1082 931 1125 est,
963 1089 1107 1116 seuere
1139 1074 1328 1115 dixeram
1361 1075 1572 1130 adrogans
1603 1075 1706 1115 mihi
1738 1090 1847 1116 eon-

30 1148 206 1190 stantiae
237 1148 416 1189 laudem.

143 1222 208 1262 20.
240 1223 371 1263 iussus
403 1237 439 1262 α.
472 1222 508 1262 d.
570 1219 612 1262 A
642 1228 681 1262 te
712 1221 883 1263 seilicet.

139 1296 204 1335 22.
237 1295 388 1337 lumbos
421 1304 453 1336 el
484 1296 578 1349 ms?
611 1295 725 1337 latus.
786 1294 906 1335 Ordo
937 1301 1016 1335 est:
1049 1294 1213 1335 lumbos
1244 1302 1283 1335 et
1313 1295 1420 1336 latus
1451 1295 1617 1350 infregi.

139 1369 204 1409 25.
236 1369 342 1409 unde
373 1384 403 1409 e.
434 1383 483 1409 m.
515 1383 548 1409 a.
581 1382 613 1423 q.
647 1369 661 1409 l
706 1384 737 1409 c.
808 1367 924 1408 Bene
965 1368 1100 1415 libera,
1147 1367 1245 1421 quia
1275 1368 1365 1408 ueri
1397 1368 1522 1409 amiei
1553 1368 1686 1409 libere
1717 1368 1851 1409 solent

26 1441 179 1483 delicta
210 1441 439 1482 amicorum
462 1441 667 1496 castigare
690 1441 825 1482 studio
856 1439 1172 1481 emendationis.

139 1515 205 1555 26.
237 1529 308 1555 nec
340 1523 440 1556 cont.
469 1529 530 1569 qr.
588 1513 684 1555 Non
715 1514 798 1554 iam
831 1513 1060 1554 amicorum
1092 1513 1165 1554 sed
1195 1513 1327 1568 ipsius
1358 1513 1492 1568 pueri,
1526 1514 1597 1568 qui
1628 1521 1801 1555 amatur.

140 1589 205 1629 28.
238 1596 309 1629 aut
339 1589 469 1629 terelz's
492 1603 535 1643 p.
613 1586 784 1628 Tei-etia
815 1602 937 1628 erura
967 1593 1036 1627 aut
1067 1586 1240 1628 brachia
1270 1586 1475 1628 habentis.
1554 1589 1688 1629 Teres
1714 1596 1851 1629 autem

26 1661 69 1702 in
99 1661 277 1716 lonrgum
299 1661 502 1703 rotundus
533 1660 698 1702 dieitur.

706 1812 1001 1868 EPODOS
1044 1813 1169 1866 XII.

846 1924 1031 1967 AGRoN.

145 2027 252 2077 Quid
297 2027 366 2067 tibi
406 2029 479 2076 uis,
526 2028 619 2068 mul.
693 2026 900 2075 Eandem,
948 2041 1072 2080 quam
1119 2041 1258 2081 supra,
1305 2026 1544 2081 adloquitur
1579 2027 1852 2082 inpudentem

29 2099 301 2155 (inpudenter
332 2101 543 2155 euntem?)
581 2100 623 2140 in
655 2114 840 2141 amorem
872 2114 1002 2140 suum.

145 2198 177 2237 1)
206 2199 323 2228 iniuria
348 2200 379 2228 h.
408 2200 581 2237 quaerebar
606 2199 681 2234 ΜΝ.
732 2200 766 2237 2)
792 2198 1099 2236 inuerecundumque
1125 2198 1218 2227 deum
1245 2199 1273 2227 2.
1323 2199 1358 2237 3)
1385 2208 1453 2229 sese
1472 2199 1567 2229 M2G.
1594 2201 1663 2230 rell.
1692 2210 1735 2230 se.
1762 2202 1855 2230 uinu-

28 2256 161 2285 Ientiam
186 2256 219 2284 M
256 2256 307 2293 (Q.
334 2266 364 2293 p.
391 2256 542 2294 XXXIII)
570 2255 597 2285 G
622 2255 806 2285 uiolentiam
838 2266 883 2284 rv.
915 2256 984 2284 rell.
1015 2255 1235 2284 uinoleutiam.
1299 2256 1334 2293 4)
1368 2254 1521 2285 Confadit
1550 2256 1585 2285 M
1616 2256 1755 2295 (Halm.)
1786 2258 1854 2287 rell.

29 2311 206 2342 confundit.
273 2313 307 2351 5)
335 2312 384 2341 Ab
411 2322 470 2342 om.
500 2312 603 2341 rvafh.
638 2313 787 2342 enimodo
813 2322 842 2341 v.
877 2312 961 2341 enim
985 2312 1080 2341 modo
1105 2312 1171 2341 ash.
1197 2312 1265 2341 rell.
1292 2322 1351 2341 om.
1377 2313 1481 2341 modo.
1506 2314 1630 2343 ratione
1656 2314 1760 2342 rvafh.
1785 2323 1855 2343 ora-

30 2370 117 2399 tione
140 2368 294 2398 MAR2G.
321 2370 441 2398 transit
458 2368 582 2398 MR2G.
609 2370 679 2398 edd.
699 2369 860 2398 transivit.
911 2370 945 2407 6)
972 2369 1040 2397 dix.
1067 2369 1195 2406 oblique
1222 2369 1250 2397 2.
1266 2386 1303 2389 ——
1321 2368 1363 2397 ad
1378 2369 1434 2398 hee
1450 2368 1493 2397 M.
1515 2368 1665 2408 (Halm.)‚
1693 2380 1707 2399 r
1733 2369 1855 2408 (haee).

33 2425 68 2465 7)
92 2429 178 2455 reeta
204 2429 253 2455 est
277 2425 366 2457 RQG.
393 2431 441 2454 est
467 2430 553 2455 reeta
580 2426 684 2455 rvaih.
721 2430 768 2455 est
802 2436 862 2455 oni.
895 2425 930 2454 M
961 2425 1100 2463 (Halm.)
1165 2425 1200 2463 9)
1228 2425 1352 2462 possint
1378 2425 1408 2453 2.
1477 2423 1532 2463 10)
1558 2425 1640 2463 apud
1665 2425 1854 2465 MR2G(Q).

30 2483 97 2511 rell.
125 2492 184 2512 om.
216 2500 255 2502 —
289 2486 388 2511 certat
410 2481 490 2511 RQG
518 2482 616 2520 (lm.)
642 2483 709 2511 rell.
737 2486 840 2515 certet.
866 2486 901 2510 ut.
928 2481 1016 2511 Seru.
1043 2486 1073 2510 et
1098 2481 1163 2510 Jul.
1189 2481 1295 2510 Rufin.
1323 2482 1407 2510 libri.
1435 2482 1488 2510 adi
1513 2482 1608 2511 Ribb.
1665 2482 1719 2521 11)
1746 2482 1856 2519 adrog.

29 2538 71 2567 M.
124 2538 179 2576 14)
207 2538 319 2568 Lumb.
346 2543 376 2567 et
401 2538 497 2573 latus,
535 2548 597 2567 om.
625 2538 741 2576 infregi
766 2538 800 2567 M
825 2538 964 2577 (Halm.)
990 2538 1025 2567 R.
1086 2539 1139 2576 15)
1166 2537 1253 2567 liberi
1276 2538 1368 2566 amici
1393 2548 1416 2567 r.
1443 2538 1512 2567 rell.
1538 2538 1612 2567 ueri.
1648 2538 1748 2567 libere
1773 2538 1855 2567 MR2

33 2594 152 2634 (G‘I2Q).
180 2596 250 2624 edd.
278 2595 356 2624 bene.
382 2596 485 2624 solent
510 2595 660 2634 castiyare
686 2596 714 2624 2.
742 2613 781 2616 j⁴
809 2597 900 2624 amic.
928 2596 1088 2633 castigare
1116 2593 1143 2624 G
1169 2595 1201 2623 iu
1227 2603 1338 2631 marg..
1379 2612 1421 2615 —
1458 2604 1519 2623 am.
1547 2595 1800 2632 repraehendere
1826 2604 1855 2623 v.

32 2653 151 2690 repreh.
177 2653 243 2681 afh.
269 2653 401 2681 verbum
427 2662 485 2681 om.
513 2652 546 2680 M
573 2652 710 2689 (Halm.)
736 2652 801 2688 R,r.
832 2654 1006 2682 amicorum
1030 2652 1083 2681 secl
1106 2651 1183 2681 allus
1202 2651 1294 2690 pueri
1319 2651 1401 2680 stud.
1430 2652 1551 2680 emend.
1578 2661 1601 2680 r.
1668 2652 1723 2689 18)
1749 2651 1782 2680 id
1807 2654 1857 2679 est

31 2708 135 2737 teretia
151 2718 239 2738 crura
259 2708 291 2737 M
309 2709 461 2747 (ter-retia
479 2708 603 2746 Halm.)
621 2708 656 2737 R.
676 2709 793 2737 teretia
811 2718 912 2744 crura,
938 2718 998 2738 om.
1026 2710 1059 2738 id
1084 2712 1144 2745 est,
1172 2707 1210 2737 G.
1236 2708 1334 2737 Henr.
1361 2706 1470 2745 Steph.
1496 2717 1525 2745 p.
1556 2708 1628 2737 164.
1658 2712 1741 2736 reeta
1766 2717 1857 2737 crura

34 2764 140 2794 rvafh.
192 2766 246 2803 19)
271 2765 425 2795 rotundus
450 2764 640 2803 MR2G(Q).
669 2765 738 2794 edd.
766 2765 942 2794 rotundum.

143 2820 298 2851 ACRON.
347 2822 399 2850 Ad
426 2822 587 2850 inachiam
614 2822 812 2850 meretricem
838 2822 959 2852 dicolos
984 2822 1013 2851 A
1039 2821 1156 2860 (Ama).
1184 2820 1310 2851 Summe
1336 2821 1484 2851 libidinis
1524 2822 1689 2850 mulierem
1714 2822 1855 2860 repellit.

33 2878 166 2916 dignam
191 2878 238 2907 ait
263 2887 331 2907 esse
356 2878 539 2915 elephantis
563 2876 592 2906 A
618 2878 738 2917 (Hon),
765 2882 799 2907 ut
823 2878 871 2907 K:
899 2878 1026 2908 Sumere
1051 2880 1072 2907 l.
1099 2888 1138 2907 m.
1158 2888 1182 2907 r.
1201 2879 1231 2907 d.
1250 2887 1277 2906 a.
1299 2887 1323 2906 e.
1352 2877 1513 2916 elefantis,
1546 2877 1572 2906 E
1599 2878 1651 2915 qui
1678 2878 1785 2907 addit:
1812 2878 1857 2907 IN

35 2932 278 2963 GRATIDIAM
304 2933 531 2964 CONVERSO
557 2933 729 2964 NOMINE
756 2936 907 2972 genarius
934 2934 1034 2973 (sen.)
1062 2935 1168 2972 epit-us
1186 2935 1362 2972 quadratus
1380 2934 1549 2963 dactilicus
1569 2934 1728 2972 epodieos.
1765 2934 1858 2964 Hanc

35 2991 131 3020 inser.
158 3000 223 3019 una
247 3000 317 3019 eum
344 2991 437 3020 metri
464 2991 578 3020 notitia
607 2990 704 3028 (conf.
730 2989 906 3023 Vanderb.)
931 2992 1006 3020 hab.
1039 3000 1055 3030 γ
1088 2991 1272 3028 (dactilicos
1304 2990 1450 3028 podices)
1484 2990 1534 3032 Βφ
1568 2989 1751 3027 (dactilieos
1784 3000 1858 3028 epo-

35 3047 122 3075 dicos
162 3063 204 3067 —
243 3047 322 3076 HPb
348 3047 438 3076 Harl.
466 3047 560 3076 Bern.
587 3046 610 3076 C
636 3051 694 3076 ete.
743 3047 919 3086 Utramque
945 3036 1066 3076 habent
1092 3050 1123 3076 et
1140 3047 1250 3076 Ambr.
1278 3047 1472 3085 (dactylicos
1497 3047 1681 3086 epodieos):
1709 3046 1858 3076 Summae

36 3103 91 3131 lib.
116 3112 179 3131 mu.
203 3103 332 3140 repellit
356 3107 384 3132 et
407 3104 437 3132 d.
465 3112 493 3132 a.
526 3113 551 3132 e.
579 3104 770 3141 elephantis,
804 3107 835 3133 et
860 3103 952 3133 Fran.
980 3121 1019 3124 —
1047 3104 1185 3132 dat-tilus
1219 3103 1369 3140 epodieus
1395 3121 1434 3123 —
1463 3102 1588 3132 Summe
1616 3121 1650 3124 -
1679 3103 1807 3141 repellit
1833 3107 1860 3132 et

37 3158 67 3186 d.
92 3167 120 3187 a.
147 3168 172 3188 e.
200 3158 357 3198 elefantis.
404 3160 440 3189 In
466 3159 649 3189 Gratidiam
674 3169 827 3189 conuerso
852 3161 980 3190 nomine
1006 3170 1029 3188 r.
1081 3159 1151 3189 Ode
1176 3158 1269 3188 CXV.
1296 3159 1330 3187 P..

150 3214 205 3253 24)
234 3214 435 3252 inpudentem
461 3216 499 3247 A.
528 3216 643 3255 impud.
671 3215 911 3254 1121G‚1·1nv(ca
937 3217 1164 3254 impudentem,
1192 3216 1252 3255 in).
1279 3216 1478 3254 impotentem
1509 3215 1588 3251 th.
1622 3215 1855 3253 Argumentum

1876 1013 1916 1043 10

1878 1375 1916 1405 15
