2283 3535
320 216 402 256 514
954 219 1059 252 ACR.
1085 218 1144 249 ET
1169 216 1337 249 Poura.
1365 215 1514 248 COMM.

1055 394 1418 441 PORPHYRION.

436 494 514 534 Ale.
545 492 569 532 i.
602 500 625 532 ι.
658 491 689 531 b.
723 505 754 531 c.
787 504 823 529 a.
884 486 1088 540 Queritur
1116 489 1158 528 in
1188 486 1263 527 hac
1300 485 1447 540 ecloqa,
1494 484 1606 539 quod
1636 483 1758 525 bellis
1789 482 1985 524 ciuilibus
2013 480 2154 523 nullus

321 566 416 608 finis
446 565 685 620 inponatur.
746 562 893 604 Altera
925 569 1034 602 aetas
1064 559 1090 600 i.
1123 573 1157 600 e.
1190 558 1366 599 alterum
1399 558 1623 599 saeculum.

256 652 274 681 5
437 641 474 680 2.
507 639 592 680 suis
622 639 648 678 ί.
681 652 710 678 e.
743 636 793 677 R.
823 651 863 676 u.
894 649 928 675 r.
1002 632 1100 674 Hoc
1130 638 1205 682 est,
1251 631 1363 686 quod
1399 632 1507 672 Titus
1540 631 1684 673 Liuius
1715 629 1773 671 ait
1805 628 2052 684 (Praefat.):
2107 628 2157 670 Ut

323 712 594 769 maqnitudine
627 711 778 751 laboret
808 724 896 749 sua.

436 787 476 826 4.
507 786 650 826 minae.
683 791 756 823 aut
787 783 873 822 Etr.
909 781 1140 821 Porsennae
1171 792 1329 820 manus.
1388 776 1605 819 Porsenna
1636 790 1710 817 rex
1730 775 2020 817 Etruscorum.

440 860 477 900 5.
496 843 670 898 >aemula
701 869 773 896 neo
802 855 897 895 uirt.
935 853 1115 911 Capuae.
1181 850 1372 901 Aemula,
1404 850 1553 905 inquit,
1585 850 1684 905 quia
1714 848 1939 905 imperium
1970 855 2160 904 ereptum

325 932 382 973 iri
415 929 619 986 (eripere)
651 927 856 970 Romanis
888 926 1086 982 sperauit.

261 1015 301 1046 10
443 1005 478 1045 6.
511 1004 662 1057 nouisq.
695 1015 729 1042 r.
761 1003 785 1042 i.
817 1002 864 1042 A.
925 999 1023 1042 Hoc
1053 999 1106 1040 ad
1137 1005 1303 1053 tempus
1332 996 1438 1037 illud
1467 996 1657 1046 refertur,
1691 1011 1772 1050 quo
1795 994 2006 1037 Catilinae
2036 995 2162 1037 factio

330 1076 567 1120 coniurauit
598 1082 638 1116 et
668 1089 802 1130 paene
832 1074 963 1128 legati
992 1071 1277 1127 Allobrogum
1306 1070 1391 1112 illis
1422 1076 1732 1111 consenserant.

442 1152 477 1190 7.
509 1164 581 1190 nec
610 1150 701 1203 fera
733 1148 921 1189 caerulea
953 1148 1053 1188 dom.
1092 1146 1225 1188 Germ.
1240 1144 1357 1201 pube.
1420 1143 1632 1185 Caeruleos
1659 1143 1883 1185 Germanos
1905 1142 1959 1183 ad
1981 1142 2163 1184 colorem

329 1222 548 1265 oculorum
579 1222 765 1263 referens
797 1220 915 1261 dixit.

444 1297 478 1337 9.
510 1297 621 1352 inpia
645 1311 687 1352 p.
719 1295 745 1335 cl
775 1311 805 1335 s.
838 1310 874 1335 a.
934 1292 1023 1334 Hic
1053 1292 1262 1334 clauditur
1298 1291 1491 1346 περίοδος
1528 1290 1627 1331 inde
1669 1296 1838 1345 coepta:
1885 1305 2001 1346 quam
2041 1304 2164 1346 neque

263 1382 303 1414 15
327 1371 490 1427 finitimi
518 1370 745 1411 uelum-unt
772 1368 937 1423 perdere
969 1367 1114 1411 Marsi.
1173 1365 1230 1406 Et
1269 1365 1405 1407 deuoti
1436 1365 1645 1419 sarzqzcz'm's
1676 1379 1753 1419 pro
1785 1364 2005 1406 abominati
2042 1370 2167 1420 atque

331 1444 535 1486 exsecrati
552 1442 711 1483 dictum
734 1447 807 1483 est.

446 1517 510 1557 10.
542 1516 718 1572 serisque
749 1530 783 1556 r.
816 1530 849 1555 o.
881 1528 910 1554 s.
971 1512 1232 1569 Ingemiscit,
1271 1519 1354 1552 tam
1387 1511 1597 1552 desertum
1642 1512 1826 1552 futurum
1871 1511 2006 1553 solum
2052 1510 2168 1553 urbis

331 1588 506 1639 Romae,
540 1603 666 1643 quam
696 1587 833 1636 fucrit,
866 1593 1092 1641 antequam
1125 1585 1218 1640 ipsa
1247 1584 1384 1626 Roma
1416 1584 1678 1625 conderetur.

448 1663 512 1703 11.
548 1662 762 1704 Barbarus
794 1660 892 1702 heu!
922 1661 1073 1702 cineres
1104 1660 1229 1700 insist.
1251 1659 1381 1700 aiclor
1403 1666 1438 1698 et
1462 1658 1617 1699 Urbem.
1678 1656 1774 1699 Non
1805 1657 1917 1699 bella
1947 1657 2171 1700 barbarica

448 1861 605 1892 PORPH.
655 1862 690 1900 4)
723 1860 789 1890 Alt.
827 1863 916 1890 aetas
954 1869 1024 1899 erqo
1061 1860 1094 1888 id
1131 1859 1188 1888 alt.
1225 1857 1267 1887 M.
1309 1857 1443 1896 (Halm,
1471 1858 1491 1887 i.
1519 1867 1545 1887 e.
1573 1858 1628 1897 Q).
1679 1857 1714 1898 5)
1741 1859 1835 1889 libius
1860 1859 1903 1889 M.
1955 1860 1988 1899 7)
2015 1860 2175 1890 Porsenae

336 1922 367 1949 et
392 1919 531 1949 Porsena
557 1919 574 1947 2
602 1918 635 1946 M
660 1918 767 1947 Halm.
807 1916 883 1955 (om.
913 1917 940 1952 Q
966 1926 994 1954 p.
1020 1916 1182 1955 XXXIV).
1222 1924 1373 1953 personae
1409 1932 1450 1935 —
1492 1924 1653 1953 personam
1676 1916 1712 1946 R.
1740 1926 1891 1955 porsenae
1917 1927 1952 1946 rv
1983 1918 2015 1946 in
2046 1918 2172 1954 lemm.;

336 1976 436 2005 schol.
463 1985 523 2004 om.
549 1984 615 2004 rva.
642 1975 748 2006 lemm.
777 1977 807 2003 et
833 1974 898 2004 sch.
927 1984 988 2003 om.
1015 1972 1062 2002 fh.
1089 1982 1262 2011 porsennae
1292 1976 1374 2002 uett.
1401 1972 1478 2001 Hor.
1504 1972 1640 2001 codices.
1668 1973 1751 2003 conf.
1776 1973 1848 2003 Aer.
1898 1974 1932 2012 8)
1961 1977 2105 2012 ereptum
2131 1975 2175 2003 ire

335 2042 414 2062 rom.
439 2031 474 2060 M
499 2032 574 2068 imp.
602 2031 719 2069 eripere
744 2040 821 2059 rom.
849 2030 886 2059 R.
914 2034 1056 2068 ereptum
1081 2030 1124 2059 irc*
1146 2031 1234 2059 Rom.
1260 2030 1308 2058 fh.
1335 2039 1353 2058 a
1379 2038 1454 2067 ergo
1480 2040 1540 2059 om.
1567 2030 1691 2067 MR‚th.
1723 2032 1791 2060 rell.
1819 2036 1963 2069 ereptum
1987 2031 2031 2060 iri
2053 2042 2072 2060 a
2096 2042 2174 2062 rom.

336 2089 396 2131 7C:
435 2090 510 2127 quia
535 2098 638 2126 capua
663 2089 807 2126 sperauit
831 2097 861 2117 se
880 2097 970 2126 posse
994 2088 1135 2126 diripere
1162 2087 1301 2125 (eripere
1335 2086 1374 2125 C)
1413 2088 1584 2125 imperium
1616 2088 1769 2117 romanis.
1803 2087 1970 2118 affectauit
2000 2089 2085 2118 enim
2117 2089 2174 2118 im-

337 2147 459 2185 perium
499 2144 650 2184 (regnum
687 2144 726 2182 C)
764 2145 886 2174 italiae.
956 2145 1011 2183 11)
1052 2145 1253 2182 allobragum
1290 2144 1334 2180 M,
1373 2148 1457 2174 teste
1496 2142 1523 2178 Q
1553 2153 1582 2181 p.
1620 2143 1764 2173 XXXIV.
1802 2145 2002 2183 allogrobum
2038 2145 2073 2174 R.
2111 2144 2176 2174 illis

336 2202 585 2241 MR2G(Q),rx=-.
612 2201 660 2231 illi
684 2201 750 2231 afh.
775 2205 982 2231 consenserat
1004 2202 1047 2230 M.
1100 2201 1156 2239 14)
1184 2201 1269 2238 inpia
1293 2205 1323 2230 et
1355 2201 1449 2239 impia
1481 2204 1563 2230 uett.
1597 2201 1688 2230 codd.
1721 2201 1850 2242 Horatii
1884 2202 1946 2231 sibi
1978 2202 2118 2232 inconst.
2144 2201 2175 2231 K

338 2263 528 2289 constanter
556 2259 670 2288 scribit
693 2258 765 2297 imp.
793 2258 887 2293 Quod
913 2259 952 2287 de
976 2257 1009 2286 M
1035 2258 1115 2288 dicit
1142 2258 1170 2292 Q
1188 2257 1386 2296 p.XXX1V:
1414 2257 1521 2295 ‘impia
1546 2259 1593 2287 sie
1617 2258 1737 2296 ubique
1763 2259 1795 2287 in
1820 2259 1880 2288 hac
1903 2268 1981 2289 uoce
2008 2269 2073 2289 non
2098 2259 2175 2297 inp.'

340 2326 405 2346 non
430 2316 561 2345 omnino
589 2325 698 2344 uerum
726 2320 783 2352 est,
822 2325 895 2344 nam
920 2315 954 2344 M
980 2316 1078 2344 habet
1103 2314 1207 2353 inpios
1237 2315 1269 2343 in
1294 2315 1401 2344 lemni.
1427 2313 1485 2350 III,
1513 2315 1543 2351 4,
1570 2315 1622 2343 42.
1649 2319 1681 2344 et
1705 2324 1834 2344 rasurae
1860 2319 2044 2352 occurrunt,
2082 2319 2118 2344 ut
2144 2315 2176 2344 in

339 2373 434 2402 Bern.
462 2372 496 2401 C.
522 2372 578 2407 ΙΙΙ,
610 2373 635 2408 1,
666 2373 721 2402 17;
748 2372 780 2400 in
793 2369 882 2410 lsspia.
908 2370 1044 2400 eluditur
1069 2370 1150 2409 (non
1174 2371 1321 2401 cluditur.
1336 2371 1369 2399 M
1392 2371 1500 2400 Halm.
1528 2371 1668 2401 cluditur
1683 2371 1787 2410 G(Q).
1816 2372 1970 2402 ‘cluditur
1995 2372 2032 2401 R.
2058 2371 2177 2401 conclu-

340 2430 428 2459 ditur
454 2428 560 2459 rvafh.
587 2428 752 2457 clauditur
777 2428 795 2456 2
822 2431 853 2457 et
881 2427 917 2464 C,
956 2428 1009 2466 qui
1037 2428 1083 2457 sic
1108 2428 1221 2457 habet:
1261 2428 1323 2456 ‘hic
1349 2428 1512 2457 clauditur
1531 2427 1685 2465 periodus.
1713 2429 1745 2457 id
1771 2432 1830 2458 est.
1857 2429 2003 2458 clausula
2029 2429 2178 2467 superius

341 2489 467 2524 coepta.
495 2494 565 2522 nos,
593 2485 709 2523 inquit,
736 2485 905 2522 perdemus
924 2484 1065 2520 Romam,
1091 2494 1186 2522 quam
1213 2493 1310 2522 supra
1335 2485 1440 2514 dictae
1467 2488 1580 2522 gentes
1597 2489 1629 2514 et
1653 2485 1763 2515 hostes
1789 2486 1938 2515 acerrimi
1964 2486 2098 2524 perdere
2115 2494 2180 2515 non

343 2542 536 2573 ualuerunt!
575 2542 654 2571 Voci
673 2541 822 2580 periodus
847 2545 928 2579 spat.
956 2551 1024 2571 uae.
1052 2542 1250 2579 reiiquerunt
1275 2540 1367 2571 RQG.
1397 2541 1499 2576 Quam
1531 2542 1688 2579 lacunam,
1727 2547 1798 2580 post
1831 2541 1867 2579 C,
1905 2543 2037 2581 explere
2063 2551 2179 2582 ⁸rJraeca

342 2609 419 2630 uoce
443 2596 589 2640 περίοδος
615 2599 756 2636 contigit
782 2599 913 2636 ingenio
941 2598 1087 2628 Editor-is
1105 2598 1288 2636 Pragensis,
1319 2599 1374 2636 qui
1394 2608 1422 2636 p.
1442 2598 1577 2628 XXXIV
1595 2608 1637 2627 ex
1654 2598 1688 2627 M
1706 2599 1788 2628 eruit
1815 2596 2019 2641 περίοδος,
2047 2600 2177 2629 dicens:

342 2657 426 2695 quod
452 2666 466 2685 e
490 2655 662 2685 coniectura
687 2655 896 2684 addideram.⁷
924 2655 986 2684 Pro
1012 2665 1090 2685 uoce
1114 2651 1315 2697 περίοδος,
1342 2656 1441 2684 etiam
1467 2655 1563 2684 obuia
1588 2656 1621 2684 in
1647 2659 1702 2684 uet
1715 2655 1810 2685 Bern.
1830 2652 1894 2692 ‘A’,
1920 2658 2014 2685 extat
2037 2655 2181 2685 sententia

344 2715 377 2743 in
396 2712 460 2742 afh.
480 2716 650 2750 utrumque
677 2721 737 2741 om.
765 2722 810 2740 rv.
836 2712 1013 2741 Ascensius
1041 2721 1116 2750 ergo
1142 2713 1362 2742 coniecturam
1387 2711 1467 2741 fecit
1490 2721 1586 2749 suam,
1613 2721 1707 2749 quain
1729 2712 1897 2742 Fabricius
1923 2713 2092 2751 amplexus
2117 2715 2179 2749 est,

345 2771 372 2805 Q
398 2774 505 2799 autem
533 2779 571 2798 cx
591 2769 695 2798 latina
720 2778 797 2798 uoce
817 2768 972 2806 periodus,
1000 2778 1095 2806 quam
1120 2773 1176 2798 aut
1202 2769 1376 2806 ignorabat
1401 2771 1455 2798 aut
1482 2771 1568 2798 certe
1595 2769 1627 2797 in
1653 2767 1677 2798 C
1696 2778 1765 2798 esse
1791 2778 1855 2799 non
1881 2769 1985 2806 dixit,
2012 2769 2179 2806 ingeniose

345 2831 442 2864 atque
469 2826 653 2854 admirabili
680 2825 825 2854 acumine
850 2826 927 2854 fecit
951 2822 1156 2867 περίοδος.
1183 2825 1252 2868 Βφε
1283 2825 1384 2864 impin.
1402 2825 1463 2855 hoc
1479 2825 1644 2855 clauditur
1656 2825 1809 2863 periodos.
1830 2826 1849 2854 i.
1869 2826 2013 2855 clausula
2031 2826 2179 2863 superius

345 2888 468 2919 coepta.
495 2883 627 2912 Romam
655 2883 761 2919 inquit
789 2891 882 2920 quam
910 2892 1004 2920 supra
1031 2882 1139 2912 dictae
1165 2886 1279 2921 gentes
1306 2883 1439 2920 perdere
1466 2883 1678 2921 ncquiuerunt
1705 2892 1763 2911 nos
1789 2882 1843 2920 qui
1861 2892 1970 2912 sumus
1987 2881 2080 2918 impia
2098 2885 2180 2911 aetas

346 2942 525 2979 perdemus.
579 2942 633 2979 15)
660 2940 766 2970 (lenotz'.
795 2941 833 2969 ad
860 2949 967 2969 necem
995 2940 1179 2969 execrandi.
1206 2940 1336 2969 scelesti
1369 2949 1396 2981 γ.
1424 2939 1470 2968 rei
1494 2944 1523 2968 ct
1552 2940 1727 2969 execrandi
1747 2937 1782 2967 C.
1832 2939 1884 2968 Ad
1910 2949 1939 2968 u.
1967 2939 1985 2968 8
2021 2939 2119 2968 habet
2143 2948 2178 2980 γε

348 2998 508 3035 parentib.
536 2998 730 3026 abominatus
754 2996 916 3026 Hannibal.
943 2997 1038 3025 malis
1063 2997 1252 3025 hominibus
1277 3000 1382 3025 natus.
1410 2996 1531 3025 dicitur
1557 3000 1663 3025 autem
1691 3006 1760 3026 cum
1785 2999 1888 3025 matre
1914 2995 2124 3025 concubuisse
2148 2998 2181 3024 et

348 3058 471 3092 patrem
496 3054 695 3082 uerberasse.
724 3054 867 3091 glossae:
893 3052 1136 3091 parentibusque.
1162 3053 1339 3083 maioribus
1365 3054 1495 3082 nostris.
1513 3052 1711 3082 abominatas.
1737 3052 1935 3082 execrationi
1953 3052 2094 3082 habitus.
2143 3051 2179 3090 4)

348 3114 440 3149 cepta
466 3111 501 3139 R.
529 3114 673 3147 caeptam
700 3120 723 3139 r.
751 3115 863 3148 caepta
890 3121 919 3139 v.
974 3111 1027 3148 17)
1055 3110 1124 3140 Hoc
1151 3110 1250 3139 schol.
1278 3119 1350 3139 cum
1376 3110 1482 3139 lemni.
1510 3119 1567 3138 suo
1597 3110 1671 3139 libri
1698 3109 1835 3139 inferius
1867 3111 1940 3147 post
1966 3119 1997 3138 u.
2030 3109 2070 3138 20
2104 3117 2180 3138 con-

348 3168 466 3205 locant,
500 3167 553 3196 ubi
582 3167 697 3196 similis
724 3168 889 3196 sententia
915 3167 1118 3196 enuntiatur.
1145 3167 1343 3204 ingemescit.
1370 3166 1412 3195 M.
1480 3167 1534 3206 18)
1562 3166 1656 3197 suci-ic
1678 3166 1743 3197 M2.
1769 3166 1838 3196 rell.
1873 3165 1989 3196 fuerat.
2023 3169 2180 3206 antequam

350 3225 435 3261 libri,
464 3232 525 3253 non
552 3227 618 3252 ante
643 3232 741 3261 quam.
