2283 3535
271 1001 309 1032 10

274 1369 314 1401 15

327 196 411 236 404
972 203 1078 235 ΑΘΒ.
1104 202 1163 234 ET
1189 201 1355 234 PORPH.
1383 200 1530 233 ooMM.

443 330 507 371 26.
542 327 936 370 laue·s.P10lauas.
998 326 1187 367 Xanthus
1215 325 1368 366 fluuius
1402 324 1484 381 [est
1513 324 1704 382 Tioiae],
1748 331 1793 365 ut
1825 323 1898 379 (A.
1929 323 2007 374 IV,
2040 324 2161 380 143):

331 405 531 459 chnttque
559 403 711 458 fluenta
744 402 902 443 Deserit
934 416 981 442 ac
1016 401 1143 441 Delon
1173 408 1394 441 maternam
1423 400 1565 440 mnam
1596 398 1751 455 4poll0.

385 527 389 529 .
500 476 741 517 .l)amez'.ae
816 474 1031 515 Dauniam
1065 473 1170 514 dixit
1201 489 1225 514 a
1255 472 1410 513 Dauno
1443 486 1542 527 rege
1574 470 1772 526 Apuliae,
1818 470 1927 511 unde
1964 471 2166 512 oriundus

330 478 536 592 Horatius
567 559 668 590 erat.

446 626 512 666 28.
546 625 644 666 lenis
678 626 841 680 Aqye'eu.
907 624 1021 663 Leuis
1051 619 1252 661 inberbis.
1319 618 1480 672 Ἀγυιαὶ
1503 633 1601 659 uero
1622 616 1876 658 Atheniensi
1906 617 2054 673 lingua
2083 617 2168 659 uici

334 697 538 739 dicuntur.
601 696 697 749 Quo
729 696 897 737 nomine
928 694 1024 735 ideo
1056 693 1213 748 Apollo
1245 699 1418 734 uocatus
1449 698 1523 741 est,
1567 692 1666 746 quia
1697 706 1748 733 ex
1779 691 1937 732 oraculi
1968 706 2169 746 responso

334 771 376 812 in
406 771 512 812 uicis
549 770 728 826 publicis
767 768 884 810 urbis
925 782 1023 809 suae
1061 767 1224 808 statutis
1261 765 1463 807 altaribus
1501 765 1708 807 sacrificia
1744 765 2013 815 instituerint,
2058 764 2170 805 unde

336 845 503 899 ἀγυιευς
534 844 587 884 di¹
606 851 672 884 tus
705 850 778 884 est.

447 919 514 959 31.
546 919 652 971 πίνῃ.
680 931 745 972 pr.
771 932 814 973 p.
848 916 894 957 cl.
954 914 1115 956 Pueros
1147 921 1187 955 et
1216 913 1379 969 puellas
1410 913 1660 967 adloquitur,
1693 912 1846 967 quibus
1878 912 2046 953 Dianae
2078 926 2170 953 car-

335 1006 433 1033 men
464 990 597 1046 lyrico
629 1005 731 1032 sono
763 990 923 1031 cantari
962 995 1249 1038 consueuerat,
1280 995 1323 1028 ut
1355 987 1595 1043 rhythmum
1628 987 1768 1042 operis
1800 986 1862 1028 sui
1902 987 1946 1026 in
1984 985 2172 1027 canendo

337 1064 590 1107 custodiant.

450 1140 515 1180 33.
555 1138 703 1179 Deliae.
763 1136 943 1177 Dianae.

451 1214 518 1254 35.
553 1212 745 1253 Lesbium.
806 1209 957 1251 Alcaei
988 1209 1110 1265 lyrici
1141 1215 1302 1264 poetae,
1335 1209 1407 1264 qui
1437 1208 1620 1250 Lesbius
1651 1209 1740 1250 fuit.

452 1288 518 1328 36.
560 1287 671 1342 meiq.
710 1286 807 1341 poll.
844 1286 867 1325 τ’.
940 1283 1275 1324 Modulationem
1315 1283 1437 1338 lyrici
1475 1282 1695 1332 carminis,
1740 1281 1871 1324 ueluti
1909 1282 2000 1337 ipse
2038 1281 2174 1337 lyram

343 1361 563 1417 percutiat.

452 1436 518 1476 37.
549 1436 636 1476 rite.
699 1432 904 1474 Sollemni
936 1431 1248 1473 consuetudine.
1934 1465 1953 1483 ς

454 1510 520 1550 38.
551 1509 625 1549 rite
658 1521 713 1548 er.
746 1508 803 1561 sa.
834 1506 955 1548 Nocti
984 1506 1130 1546 lucam.
1203 1504 1368 1546 Eodem
1406 1505 1517 1545 enim
1556 1512 1595 1546 et
1631 1504 1796 1546 Lucina
1834 1504 1992 1546 honore
2031 1518 2176 1546 cense-

339 1583 474 1624 batur.
535 1581 664 1622 Unde
695 1587 734 1621 et
765 1579 934 1620 Dianae
965 1578 1191 1620 Luciferae
1221 1593 1376 1620 nomen
1409 1578 1584 1634 accepit.

454 1657 520 1697 39.
547 1670 686 1712 prosp.
717 1656 770 1708 ft.
829 1652 942 1693 Rore
974 1658 1178 1693 nocturno
1198 1652 1464 1702 nutrientem,
1498 1650 1572 1707 (G.
1595 1651 1652 1702 H,
1676 1652 1799 1708 201):
1833 1661 2027 1708 quantum
2050 1653 2177 1708 lonqi's

344 1738 508 1786 carpent
538 1737 720 1770 armenta
752 1728 890 1769 diebus
927 1728 1088 1781 Exigua
1120 1734 1278 1767 lantum
1309 1726 1462 1781 yelz'dus
1482 1740 1549 1767 ros
1579 1735 1693 1768 nocte
1723 1734 1896 1782 reponet.

458 1912 489 1951 1)
518 1916 567 1942 est
592 1913 708 1942 Troiae
735 1922 795 1942 om.
821 1912 882 1942 A2.
907 1912 1035 1941 Xantus
1061 1912 1136 1940 tluu.
1163 1912 1264 1941 troiae
1289 1909 1415 1949 apollini
1437 1920 1526 1940 sacer
1550 1911 1585 1940 P..
1637 1911 1672 1950 3)
1707 1911 1865 1941 Dauniam
1889 1920 1950 1942 om.
1976 1910 2065 1949 A2‚r.
2092 1912 2181 1942 dixit

341 1971 537 2008 ARlQrmv.
563 1970 631 1999 rell.
659 1979 719 1999 om.
745 1987 786 1989 ξ*
812 1968 943 1999 oriundo
961 1968 1023 1998 A2.
1085 1968 1119 2007 5)
1145 1968 1226 1997 lenis
1253 1969 1284 1997 in
1311 1968 1419 1997 uerbis
1445 1967 1491 1998 fh.
1518 1967 1627 1998 habilis
1652 1969 1685 1998 in
1708 1969 1815 1998 uerbis
1842 1979 1868 2011 γ.
1896 1969 1996 1998 laeuis
2022 1969 2179 1998 imberbis

343 2038 371 2057 a.
398 2028 453 2057 Zeu.
481 2028 556 2056 imb.
582 2025 677 2064 R‚eC.
705 2026 761 2055 len.
785 2026 848 2055 inb.
877 2027 906 2055 2.
935 2025 979 2061 Q:
1005 2034 1063 2055 nos
1090 2025 1299 2054 correximus.
1324 2025 1405 2053 leuis
1431 2024 1523 2053 codd.
1549 2024 1628 2054 Hor.
1662 2024 1765 2063 agileu
1795 2025 1878 2063 Ab2,
1911 2029 1947 2054 ut
1980 2024 2050 2055 CIP
2081 2025 2180 2055 Bern.

342 2086 437 2115 Fran.
464 2083 575 2123 agyleu
600 2093 663 2119 niv,
690 2088 725 2112 ut
751 2081 869 2126 ΕΗΒφ
895 2082 950 2120 (ad
975 2091 1075 2120 marg.
1102 2080 1226 2121 agileu)
1251 2081 1349 2111 Bern.
1378 2082 1417 2111 A.
1444 2080 1583 2123 agyffl‘eu
1607 2091 1635 2124 γ,
1677 2082 1726 2111 lit.
1754 2091 1856 2119 erasa,
1889 2082 1996 2120 agieus
2031 2086 2062 2112 et
2095 2083 2182 2122 agiae

343 2143 376 2171 in
401 2141 510 2177 schol.‚
537 2150 641 2180 agyeu
664 2140 705 2178 K,
733 2140 824 2178 agieu
849 2140 886 2168 R.
912 2139 1027 2177 agilleu
1052 2138 1146 2168 Bern.
1172 2138 1237 2177 E‚r.
1264 2156 1297 2159 —
1317 2136 1419 2180 ἀγυιαὶ
1445 2138 1481 2168 C.
1507 2139 1601 2177 agilei
1617 2139 1645 2167 A
1672 2139 1702 2168 2.
1729 2139 1811 2177 agiei
1826 2138 1864 2175 R,
1889 2138 1997 2177 agillei
2023 2149 2048 2168 r.
2074 2149 2181 2180 agyeu

344 2210 383 2228 in.
410 2199 529 2237 agyleu
554 2208 584 2226 v.
611 2197 726 2236 agyz'ae
751 2206 779 2226 a.
807 2197 906 2236 agyia
931 2196 952 2225 f.
978 2197 1091 2236 aegyia
1110 2197 1141 2226 h.
1169 2197 1230 2225 uici
1248 2196 1337 2225 ARQ.
1356 2201 1387 2226 et
1413 2197 1484 2226 edd.
1512 2205 1629 2225 omnes.
1644 2193 1737 2237 ἀγυιὰ
1753 2213 1794 2216 ——
1812 2195 1867 2225 υἷα
1889 2197 2009 2225 dicitur
2028 2196 2180 2236 (Porph).

346 2255 386 2290 Q.
411 2255 562 2284 villanus
587 2254 726 2295 (uillane
750 2254 866 2292 Apollo
891 2252 931 2292 C)
957 2254 1032 2292 quia
1057 2254 1089 2282 in
1114 2253 1202 2282 uillis
1231 2253 1279 2291 (et
1303 2254 1385 2283 uicis
1413 2252 1454 2291 C)
1483 2254 1551 2282 eius
1578 2257 1705 2282 statuae
1731 2257 1833 2282 erant.
1863 2252 1973 2292 Ayieus
1997 2254 2104 2291 apollo
2131 2254 2182 2283 di-

345 2313 443 2348 citin·;
471 2312 547 2350 quia
572 2312 602 2340 in
630 2312 780 2340 omnibus
797 2310 872 2339 uicis
897 2311 1024 2339 colitur.
1049 2309 1135 2349 “fias
1161 2311 1243 2339 enini
1270 2311 1381 2339 dicunt
1407 2311 1494 2348 greci
1520 2310 1609 2339 uicos.
1638 2309 1747 2349 Ayiecze
1772 2319 1886 2348 graece
1913 2309 2054 2348 (plateae
2073 2309 2115 2350 C)
2134 2311 2182 2340 di-

347 2373 463 2398 cuntur
490 2369 573 2407 quod
599 2376 639 2396 ex
666 2376 819 2405 responso
846 2368 967 2397 oraculi
995 2367 1182 2405 (exoraculo
1210 2366 1251 2405 C)
1280 2368 1311 2396 in
1336 2367 1393 2396 uiis
1411 2365 1487 2409 (γο)
1506 2367 1644 2404 publicis
1668 2367 1758 2395 urbis
1784 2376 1860 2396 suae
1885 2367 2089 2397 athenienses
2115 2370 2180 2396 sta-

345 2426 427 2455 tutis
454 2426 612 2454 altaribus
639 2424 819 2454 sacrificare
845 2424 979 2461 apollini
1005 2423 1214 2453 instituerint.
1243 2425 1370 2462 agieum
1389 2423 1634 2461 appellauerunt
1660 2432 1686 2465 γ.
1706 2422 1788 2452 conf.
1809 2422 1844 2453 C.
1863 2424 1971 2463 ayz'leu.
2001 2424 2092 2462 agilli
2118 2425 2181 2463 ipsi

348 2483 456 2521 graeci
483 2483 526 2520 gl.
553 2483 582 2511 b.
611 2481 782 2511 Scholion:
810 2481 907 2519 agilei
935 2482 997 2518 ipsi
1024 2482 1121 2518 greci.
1146 2480 1238 2509 Unde
1263 2481 1368 2518 apollo
1395 2480 1522 2519 agileus
1548 2481 1652 2509 dictus
1672 2485 1730 2509 est.
1756 2481 1830 2518 quia
1848 2481 1933 2518 apud
1951 2481 2025 2511 illos
2042 2481 2184 2510 maxime

349 2540 476 2570 colitur.
504 2540 525 2568 i.
552 2543 588 2571 ut
613 2542 722 2567 statue
749 2538 817 2567 eius
852 2538 885 2566 in
913 2538 981 2566 soro
1013 2542 1043 2566 et
1077 2538 1164 2566 binio
1196 2537 1322 2574 publice
1355 2537 1546 2566 colerentur.
1596 2536 1754 2566 Similiter
1784 2541 1815 2566 et
1848 2538 1979 2568 anthius
2011 2538 2133 2567 dicitur
2165 2546 2184 2566 a

349 2596 476 2626 chintho
503 2599 609 2625 monte
636 2596 718 2624 sicut
745 2599 776 2623 et
800 2604 901 2623 uenus
927 2594 1046 2632 paphia
1072 2595 1111 2623 ab
1138 2594 1244 2623 insula
1269 2594 1400 2632 paphos.
1438 2593 1553 2631 Agt'czcs
1579 2594 1697 2623 dicitur
1722 2594 1827 2631 apollo
1854 2595 1929 2632 quia
1953 2594 2085 2624 omnibus
2108 2594 2184 2624 uicis

349 2654 478 2683 colitur.
521 2652 615 2692 Ayz'as
641 2653 727 2680 euim
752 2651 868 2680 (licitur
894 2652 1001 2689 graeci
1028 2651 1116 2680 uicos
1141 2651 1193 2680 uel
1218 2650 1300 2689 affice
1326 2651 1451 2688 plateae
1477 2659 1590 2688 graece
1616 2651 1766 2679 dicuntur
1791 2660 1826 2680 eo
1852 2651 1936 2688 quod
1963 2660 2004 2680 ex
2028 2660 2184 2688 responso

351 2711 472 2740 oraculi
498 2710 530 2739 in
557 2708 632 2738 uicis
658 2708 796 2746 publicis
821 2717 851 2737 u.
872 2718 896 2736 s.
925 2708 993 2737 ath.
1022 2712 1059 2738 st.
1087 2708 1144 2736 alt.
1170 2707 1211 2736 acl
1235 2707 1417 2736 sacrificare
1443 2707 1576 2745 apollini
1602 2711 1767 2736 statuerunt
1792 2708 1918 2745 agieum
1937 2708 2186 2746 appellauerunt

349 2768 380 2796 b.
406 2765 504 2805 Ayilei
527 2766 678 2794 dicuutur
704 2765 791 2803 greci
818 2774 952 2794 uarrone
978 2768 1061 2794 teste
1089 2768 1118 2792 et
1143 2764 1218 2802 quia
1243 2773 1396 2801 responso
1423 2768 1552 2802 accepto
1577 2773 1649 2793 aras
1667 2768 1697 2794 et
1717 2769 1842 2794 statuas
1867 2765 1900 2793 in
1926 2765 2078 2794 honorem
2095 2765 2184 2802 apol-

351 2823 430 2852 linis
456 2823 488 2850 in
513 2821 571 2850 uiis
596 2822 734 2859 publicis
761 2822 1015 2850 constituebant.
1042 2821 1108 2858 ipse
1134 2821 1231 2849 etiam
1264 2821 1371 2858 apollo
1401 2820 1513 2859 ayilevs
1546 2825 1658 2858 postea
1691 2822 1797 2850 dictus
1831 2825 1879 2850 est
1915 2830 1950 2850 eo
1982 2821 2067 2859 quod
2099 2821 2184 2859 apud

352 2879 426 2908 illos
452 2880 622 2916 praecipue
649 2878 822 2907 colebatur.
849 2879 933 2907 sicut
959 2879 1034 2907 iuno
1059 2877 1129 2906 nidi
1156 2882 1187 2906 et
1212 2878 1330 2915 paphia
1356 2881 1487 2906 uocatur
1514 2887 1549 2906 eo
1581 2878 1664 2915 quod
1698 2878 1743 2906 ibi
1777 2878 1901 2907 colatur
1933 2877 1997 2920 Βφ.
2064 2878 2097 2916 7)
2122 2876 2184 2906 uiis

351 2934 438 2976 700„
465 2935 535 2963 rell.
562 2935 652 2963 uicis.
691 2952 697 2955 -
771 2935 983 2963 instituerant
1009 2933 1086 2962 AR2
1114 2938 1143 2962 et
1172 2933 1243 2962 edd.
1308 2934 1361 2972 10)
1388 2939 1559 2963 consuerat
1590 2935 1638 2963 12.
1703 2929 1766 2973 14)
1786 2934 1853 2972 ipse
1876 2934 1950 2963 libri
1977 2943 2057 2963 omn.
2086 2934 2186 2971 ipsam

354 2991 421 3026 CQ.
448 2991 623 3028 percutiam
649 2990 784 3027 ‘lunvfln
812 2991 879 3019 rell.
907 2990 955 3028 (et.
981 2989 1078 3028 Crca)
1105 2990 1265 3028 percutiat.
1334 2988 1389 3028 17)
1415 2990 1538 3019 Eadem
1563 2990 1600 3019 A.
1627 3008 1669 3011 ..A
1703 2994 1729 3019 et
1758 2991 1856 3019 diana
1886 2990 1970 3019 libri.
2001 3000 2038 3019 ac
2070 2991 2185 3020 inculc.

355 3046 394 3082 Q.
420 3046 527 3076 lucina
551 3046 588 3083 R,
614 3045 732 3075 Catull.
759 3046 889 3083 XXXV,
920 3048 969 3075 13.
996 3047 1090 3076 lunae
1104 3047 1143 3076 A.
1171 3047 1261 3076 Luna
1287 3045 1322 3075 C.
1350 3046 1456 3075 Diana
1482 3046 1571 3075 Luna
1599 3047 1636 3081 Q.
1663 3048 1759 3076 diane
1787 3048 1814 3075 1.
1842 3047 1956 3075 dianae
1980 3056 2060 3076 rmv.
2087 3047 2187 3076 diana

355 3102 438 3132 cafh.
464 3102 580 3132 honori
603 3112 666 3131 niv.
734 3104 790 3141 18)
817 3104 913 3132 diana
938 3103 1087 3132 luciferae
1114 3104 1201 3133 libri.
1228 3104 1319 3141 posui
1346 3113 1416 3132 cuin
1447 3102 1470 3131 C
1498 3103 1621 3132 Dianae
1645 3103 1820 3133 Luciferae.
1853 3103 1935 3132 conf.
1972 3102 2039 3132 Cic.
2070 3103 2110 3133 N.
2142 3103 2184 3133 D.

354 3159 396 3198 11,
416 3160 467 3189 27.
518 3160 574 3198 19)
600 3159 740 3189 nutriens
764 3158 850 3195 A2,r.
877 3170 951 3198 quae
972 3160 1062 3199 (quia
1080 3160 1134 3199 C),
1161 3161 1311 3199 quoniam
1337 3161 1407 3197 ipsa
1433 3160 1530 3188 etiam
1557 3169 1644 3189 ceres
1670 3160 1789 3189 dicitur
1811 3161 1849 3201 *sb
1877 3159 2076 3199 (prospera).
2126 3159 2183 3198 20)

356 3216 467 3254 galida
491 3225 520 3245 se
550 3214 608 3245 1G.
637 3220 760 3253 reponet
786 3226 867 3245 omn.
894 3217 978 3246 libri.
1006 3216 1086 3248 conf,
1115 3216 1201 3245 Seru.
1230 3216 1268 3245 A.
1296 3215 1318 3245 1.
1347 3216 1423 3245 306.
