2283 3535
774 227 819 255 IN
845 226 975 256 CARM.
1007 225 1071 262 IV,
1103 229 1151 256 12.
1181 230 1229 257 13.
1831 217 1912 256 423

206 347 268 387 18.
301 347 371 401 qui
386 360 494 387 nunc
515 346 701 400 Sulpiciis
725 347 861 387 accub.
885 346 1050 387 horreis.
1113 344 1293 401 Sulpicii
1317 344 1480 388 Galbae
1503 349 1652 389 horrea
1673 348 1795 397 dicit3
1828 350 1913 390 110-

92 419 243 473 dieque
274 425 411 459 autem
436 416 600 459 Galbae
622 418 771 458 horrea
801 418 900 458 uino
932 426 971 459 et
1001 418 1092 459 0100
1123 426 1163 459 et
1194 419 1400 461 similibus
1431 420 1524 462 aliis
1557 423 1708 463 referta
1740 432 1845 463 sunt.

205 493 268 532 19.
301 507 388 547 spes
420 492 456 532 d.
490 506 526 531 η.
560 491 583 531 Ι.
646 490 789 532 Cadus
821 491 999 540 scilicet3
1046 491 1283 545 potulentus
1314 499 1452 533 autem
1484 493 1637 535 scimus
1668 494 1915 549 plerumque

91 565 249 606 maiora
280 578 462 619 sperare.

204 639 269 678 32.
303 653 393 679 cum
425 646 448 678 l.
479 652 517 678 u.
551 652 599 678 m.
633 652 670 678 a.
733 636 841 678 Cum
874 637 1060 692 ampulla
1090 637 1294 693 unguenti
1326 638 1495 679 scilicet.

205 711 269 750 24.
294 711 352 766 pl.
383 711 420 751 d.
450 725 488 751 u.
520 711 543 750 ί.
576 710 613 750 d.
673 709 746 759 Ut,
779 709 813 750 si
844 709 962 752 diues
994 711 1086 761 sim,
1119 718 1157 752 ct
1188 711 1230 752 in
1263 711 1433 752 domum
1464 726 1602 752 meam
1632 712 1818 753 omnium
1852 726 1917 752 re-

93 799 186 825 rum
216 783 385 839 plenam
416 790 455 824 te
487 783 673 824 inuitem.

206 858 271 897 26.
302 858 404 912 m‘qr.
436 858 596 912 zym'um.
657 855 872 897 Funerum
903 856 1018 906 dicit,
1050 857 1170 911 quasi
1200 857 1443 913 lugubrium
1475 858 1650 914 ignium.

204 931 269 971 37.
302 931 416 971 misce
447 938 493 971 st.
527 945 556 971 c.
591 930 622 971 b.
683 928 866 971 Breuem
897 929 1128 980 stultitiam,
1161 931 1239 972 hoc
1270 940 1343 981 est,
1377 931 1516 973 breuis
1548 931 1761 987 temporis.

720 1084 1038 1139 CARMEN
1078 1085 1175 1152 IV,
1218 1087 1292 1138 13.

912 1195 1097 1239 ACRON.

206 1297 410 1338 Audiuere
443 1297 553 1352 Lyce.
615 1294 686 1336 Ad
716 1295 865 1351 Lycen
896 1296 1158 1338 meretricem
1190 1296 1349 1346 scribit,
1396 1297 1448 1338 de
1486 1297 1603 1338 cuius
1642 1297 1840 1352 superbia
1879 1297 1923 1337 in

92 1369 214 1411 tertio
234 1369 342 1411 libro
374 1376 542 1424 questus
563 1376 623 1410 est
645 1384 692 1410 eo
714 1369 826 1423 quod
857 1384 960 1411 anus
981 1370 1092 1410 facta
1113 1376 1403 1411 contemnatur
1424 1385 1448 1411 a
1464 1369 1701 1420 iuuenibus,
1734 1370 1786 1411 de
1819 1385 1922 1425 quo-

94 1458 186 1484 rum
217 1457 358 1485 amore
389 1450 484 1484 ante
515 1442 754 1498 plaudebat.

206 1517 243 1558 3.
274 1518 337 1557 uis
367 1517 485 1571 form.
517 1531 557 1557 u.
616 1515 856 1570 Utrumque
876 1515 921 1557 in
942 1530 1025 1556 anu
1059 1515 1234 1557 muliere
1265 1515 1555 1571 turpissimum
1586 1523 1659 1568 est,
1691 1523 1737 1559 ut
1767 1523 1808 1558 et
1838 1517 1924 1558 for-

94 1603 211 1630 mosa
240 1588 340 1629 uelit
370 1588 507 1630 uideri
539 1596 579 1630 et
608 1588 817 1639 lasciuire,
851 1595 889 1630 et
920 1589 1015 1630 ideo
1047 1588 1165 1630 addit
1194 1590 1421 1645 inpudens.-

207 1664 245 1702 4.
276 1663 486 1719 inpudens.
546 1661 632 1704 Pro
663 1662 928 1718 inpudenter,
961 1676 1113 1703 nomen
1144 1677 1221 1717 pro
1252 1663 1455 1704 aduerbio
1486 1663 1639 1719 posuit.

210 1736 247 1776 5.
284 1744 320 1777 et
364 1743 488 1777 cantu
534 1736 712 1778 tremula.
787 1735 1072 1792 [Tremulum]
1119 1735 1203 1778 Vel
1247 1736 1302 1777 ad
1345 1751 1492 1779 uocem
1535 1737 1604 1778 uel
1649 1736 1703 1778 ad
1747 1742 1926 1779 aetatem

97 1808 266 1850 rettulit.

211 1882 247 1922 6.
286 1881 422 1938 Cupz'd.
455 1882 479 1922 l.
510 1883 598 1923 soll.
656 1881 861 1923 quenum
908 1882 1068 1923 scilicet
1113 1882 1369 1937 cupidinem,
1416 1884 1487 1938 qui
1531 1883 1626 1926 ideo
1671 1883 1807 1926 lentus
1852 1890 1926 1934 est,

98 1954 296 2009 quoniam
325 1960 370 1995 tu
401 1954 460 1996 eis
492 1955 660 2010 ingrata
691 1970 734 1997 es
764 1970 842 2010 per
872 1961 1063 1996 aetatem.

212 2030 247 2068 7.
280 2029 317 2069 8.
348 2028 413 2069 ille
444 2029 613 2069 uirentis
645 2044 674 2069 e.
707 2044 741 2069 0.
769 2044 828 2085 ps.
866 2028 933 2070 Ch.
994 2027 1177 2069 Multum
1199 2027 1398 2070 decorum
1420 2028 1510 2070 uult
1534 2028 1687 2070 Chiam
1708 2029 1928 2071 mulierem

98 2100 247 2150 uideri,
292 2100 361 2141 uel
391 2101 503 2155 quod
533 2101 687 2142 uirenti
718 2108 852 2142 aetate
884 2101 936 2142 sit
966 2108 1007 2142 et
1042 2101 1165 2143 docta
1204 2101 1369 2151 saltare,
1416 2102 1483 2143 uel
1522 2103 1634 2157 quod
1671 2103 1791 2159 genis
1828 2103 1854 2144 i.
1894 2117 1928 2144 e.

99 2173 206 2215 facie
236 2172 412 2228 pulchra
443 2173 514 2222 sit3
547 2180 587 2215 et
617 2174 711 2216 ideo
731 2172 989 2229 Cupidinem
1021 2174 1229 2216 excubare
1259 2175 1303 2215 in
1334 2175 1455 2231 genis
1486 2175 1575 2217 eius
1606 2176 1723 2217 dixit.

214 2247 250 2287 9.
283 2247 373 2302 imp.
405 2262 434 2287 e.
466 2255 515 2288 tr.
547 2263 582 2288 α.
616 2263 650 2304 q.
709 2247 794 2288 Per
823 2247 1068 2289 inrisionem
1100 2262 1301 2303 quercum
1323 2249 1486 2290 aridam
1515 2249 1649 2291 uoluit
1678 2265 1805 2290 anum
1834 2265 1927 2291 mu-

100 2319 247 2360 lierem
292 2319 495 2376 intellegi,
542 2335 668 2375 quam
712 2319 930 2371 Amorem,
976 2320 1077 2362 dum
1121 2321 1291 2363 festinat
1334 2322 1388 2363 ad
1428 2322 1616 2373 iuuenes,
1662 2337 1832 2365 necesse
1870 2330 1932 2364 est

101 2392 373 2435 transuolare.

216 2467 282 2506 11.
315 2466 450 2508 luridi.
509 2465 649 2523 Nigri,
682 2466 907 2522 squamosi.
944 2492 985 2497 -

219 2647 252 2686 1)
268 2647 424 2687 fulplicz'z's
447 2648 481 2678 M
507 2652 639 2688 accupat
664 2649 708 2678 M.
758 2648 793 2689 2)
818 2649 965 2688 Sulpitiis
991 2650 1107 2688 galbae
1131 2649 1176 2680 M.
1206 2654 1237 2680 et
1263 2651 1360 2681 simil.
1386 2651 1460 2681 aliis
1484 2651 1528 2681 M.
1555 2656 1587 2682 et
1612 2653 1686 2682 aliis
1712 2653 1806 2682 rebus
1833 2654 1931 2682 simil.

103 2703 140 2733 R.
166 2704 234 2734 oleo
260 2705 356 2734 simil.
382 2715 406 2734 r.
435 2706 655 2743 similibusque
679 2706 753 2735 aliis
778 2705 867 2735 vafh.
896 2706 1018 2736 infecta
1043 2716 1068 2735 r.
1131 2706 1165 2745 6)
1191 2706 1238 2736 Ut
1264 2708 1290 2736 si
1317 2708 1408 2737 diues
1435 2709 1495 2737 sim
1522 2707 1696 2747 MRA2G‚r
1724 2708 1843 2749 (dices)
1871 2709 1932 2744 aQ.

104 2765 141 2790 ut
164 2761 222 2791 scis
246 2762 338 2791 diues
365 2762 425 2791 sim
450 2772 482 2793 v.
509 2766 545 2791 ut
569 2762 626 2792 scis
651 2763 741 2793 diues
766 2772 831 2792 sum
854 2763 901 2792 fh.
951 2763 986 2801 8)
1013 2763 1162 2793 funerum
1188 2762 1418 2800 MR2G‚ran.
1445 2764 1628 2794 funebrium
1652 2764 1698 2793 ssi.

216 2816 372 2848 ACRON.
421 2819 473 2848 Ad
497 2820 559 2848 11οἕ
583 2821 783 2849 meretricem
808 2823 1025 2849 senescentem
1052 2820 1080 2849 A
1105 2820 1179 2849 Acr.
1212 2819 1398 2859 Compotem
1424 2830 1457 2850 se
1475 2822 1543 2851 uoti
1562 2821 1612 2850 sui
1629 2820 1748 2850 factam
1766 2831 1835 2852 esse
1854 2823 1934 2852 dicit

106 2872 190 2910 quod
215 2873 283 2912 lyce
309 2884 386 2904 anus
412 2875 498 2904 facta
524 2876 567 2904 sit
593 2877 775 2913 par-anetiee
799 2877 975 2905 tetracolos
1000 2875 1028 2904 A
1052 2876 1131 2905 Hor.
1159 2880 1191 2905 et
1215 2886 1242 2918 γ,
1268 2880 1304 2906 ut
1333 2877 1360 2906 E
1391 2881 1422 2907 et
1449 2877 1492 2914 K,
1519 2878 1571 2916 qui
1598 2887 1658 2907 om.
1685 2887 1794 2916 paran.
1818 2882 1932 2910 tetrae.

106 2928 158 2958 Ad
182 2929 276 2959 licem
302 2930 446 2960 uetulam
471 2932 669 2960 meretricem
695 2932 725 2961 b.
777 2932 846 2962 Ode
872 2931 913 2961 CI
938 2932 977 2961 ad
1002 2932 1097 2962 licem
1122 2932 1158 2961 R.

221 2986 276 3025 14)
302 2986 411 3016 Audin.
438 2987 505 3018 lice.
533 2987 585 3016 Ad
611 2987 695 3016 licem
712 2987 779 3017 AR.
805 2989 908 3027 lycem
928 2989 957 3025 2,
983 2988 1052 3017 rell.
1079 2988 1183 3026 lycen.
1236 2989 1291 3027 15)
1318 2990 1355 3018 de
1382 2999 1441 3019 om.
1460 2989 1507 3018 fh.
1559 2990 1614 3029 17)
1641 2991 1772 3021 muliere
1790 3001 1849 3021 om.
1868 2991 1932 3021 Al.

111 3040 166 3078 18)
192 3040 350 3079 inpudens
375 3053 405 3081 p,
431 3047 468 3072 ut
494 3043 635 3086 1⁴:13chss
661 3043 756 3072 Bern.
782 3044 819 3073 Β.
878 3046 932 3084 19)
960 3045 1026 3073 sch.
1054 3055 1114 3074 om.
1142 3045 1182 3074 A.
1245 3046 1302 3084 20)
1328 3046 1510 3075 Tremulum
1536 3056 1594 3076 om.
1621 3047 1661 3076 A.
1723 3048 1781 3085 22)
1808 3048 1933 3077 scilieet

109 3096 198 3125 codd.
225 3099 337 3136 supple
361 3094 406 3128 fh.
432 3100 614 3138 cupidinem
641 3099 705 3128 AR.
732 3101 799 3130 rell.
825 3087 890 3130 om.
950 3101 1006 3140 23)
1034 3102 1062 3130 ei
1090 3100 1150 3130 QG.
1185 3101 1267 3131 conf.
1294 3101 1411 3140 Porph.
1477 3103 1534 3141 24)
1561 3104 1761 3133 meretricem
1797 3104 1824 3132 2.
1876 3103 1932 3142 25)

111 3153 227 3182 saltare
258 3154 451 3192 AR21,rmv.
488 3157 632 3186 Psallere
669 3156 785 3192 acth.
822 3157 907 3188 conf.
933 3157 1049 3196 Porph.
1077 3158 1168 3196 genis
1194 3158 1215 3187 i.
1241 3158 1333 3188 oculis
1351 3158 1492 3197 pulchris
1523 3160 1565 3188 sit
1590 3159 1630 3188 A.
1696 3160 1752 3198 27)
1779 3160 1868 3189 imis.
1894 3158 1932 3187 A.

110 3209 179 3237 uult
204 3208 240 3237 R.
290 3211 347 3249 30)
373 3212 457 3251 nigri
483 3222 604 3252 squam.
631 3223 692 3243 om.
717 3213 756 3242 A.

1950 1013 1988 1045 10

1954 1378 1990 1409 15

1952 1744 1994 1776 20

1955 2113 1995 2144 25

1957 2479 1998 2510 30
