2170 3460
837 163 884 194 IN
914 161 1044 193 CARM.
1076 161 1106 200 1,
1136 165 1164 193 1.
1886 156 1912 196 3

199 284 236 325 8.
268 284 495 338 torqeminz's
526 291 551 325 c.
574 284 805 326 honoribus.
852 284 1018 326 Finitus
1049 298 1246 326 numerus
1277 299 1353 340 pro
1385 286 1560 337 infinito,
1593 288 1657 329 vel
1688 288 1815 330 etiam
1842 296 1913 331 aut

86 363 321 412 quaestura,
354 363 424 398 aut
453 357 729 412 praefectura,
761 364 829 398 aut
863 357 1090 399 consulatu.

197 433 316 472 Hunc
338 456 392 461 -—
413 431 644 472 honoribus.
692 429 883 471 Subaudi
915 431 967 471 ab
999 430 1288 472 inferioribus:
1334 446 1554 487 numquam
1591 434 1796 475 (limouoas
1834 441 1910 476 etc.

196 503 320 544 Illum
342 505 380 545 εἰ
404 504 549 559 (qum)
575 505 758 559 proprio.
801 502 918 544 Sicut
946 503 1006 543 illi
1034 503 1182 557 inquit,
1215 503 1282 544 cui
1310 503 1437 544 semel
1466 505 1724 559 agricultura
1753 507 1912 561 placuit

83 582 121 618 et
144 576 282 631 (qui?)
304 576 442 631 eoepit
468 576 519 616 de
541 576 656 631 agris
677 576 762 617 suis
784 577 1036 617 frumentum
1059 590 1276 631 reponere,
1298 576 1424 618 nullis
1446 578 1645 632 praemiis
1667 580 1908 633 persuades,

82 656 127 691 ut
155 656 282 690 nauta
312 649 383 691 sit:
415 649 475 691 sic
504 664 582 691 nec
613 649 713 699 sibi,
747 649 813 691 cui
843 649 976 704 lyrica
996 649 1200 704 professio
1232 649 1410 704 placuit,
1443 650 1558 691 aliud
1589 652 1756 693 suaderi
1788 668 1909 708 posse

84 722 210 772 scias,
242 722 357 763 iuxta
387 722 490 763 illud
521 724 699 777 (Terent.
730 722 901 763 Phorm.
923 721 980 771 II,
1003 724 1048 772 4,
1074 723 1165 777 14):
1199 730 1292 778 quot
1321 723 1509 772 homines,
1543 731 1596 765 tot
1627 727 1852 768 sententiae.

196 796 260 837 10.
312 797 506 852 quidquid
552 797 598 838 dc
638 796 811 851 Libycis.
883 793 1085 851 [Species
1117 809 1192 849 pro
1225 795 1415 851 genere]
1455 797 1652 849 Verritur,
1697 798 1910 855 colligitur

84 868 313 925 [trahitur]
375 868 579 925 [Findere,
613 869 762 918 colere,
794 867 971 924 fodere]
1013 886 1016 889 ·

194 943 259 983 11.
298 942 484 983 Sar-culo.
532 939 773 998 [Sarculus]
807 955 941 997 genus
971 941 1214 983 ferramenti
1244 941 1402 993 rustici,
1435 943 1547 997 quod
1580 942 1737 986 Graeci
1769 946 1907 987 σκαλί-

81 1016 166 1056 διον
197 1021 361 1057 uocant.

194 1090 259 1130 12.
300 1089 487 1130 Attalicis
526 1089 837 1130 condicionibus.
887 1086 1057 1129 Attalus
1092 1086 1400 1142 Pergamorum
1430 1103 1511 1143 'rex
1548 1090 1778 1134 ditissimus
1815 1093 1905 1143 fuit,

80 1162 148 1204 cui
177 1167 349 1217 propter
378 1176 505 1216 opum
535 1161 870 1217 magnitudinem
901 1160 1081 1216 populus
1111 1160 1328 1204 Romanus
1358 1169 1605 1206 testamento
1637 1166 1848 1207 successit.

193 1236 257 1275 13.
301 1234 550 1291 [Numquam
582 1235 817 1276 (Iemoueas.
872 1233 923 1274 Id
953 1241 1028 1284 est,
1069 1234 1195 1275 etiam
1226 1235 1261 1276 si
1292 1235 1465 1278 diuitiae
1496 1237 1609 1292 regis
1640 1237 1775 1280 Attali
1805 1254 1905 1294 pro-

78 1313 299 1362 ponantur,
330 1322 559 1362 numquam
590 1308 808 1349 dimoueas
838 1306 991 1363 illum].

190 1381 300 1421 trabe
332 1381 493 1437 Cypria.
544 1379 729 1421 Trabem
762 1378 968 1435 Cypriam
1005 1380 1178 1422 abusiue
1210 1382 1347 1436 posuit
1384 1398 1461 1438 pro
1493 1398 1776 1440 quacumque,
1815 1386 1904 1429 siue

77 1453 176 1509 quia
205 1453 432 1496 ualidiores
462 1453 549 1495 illic
578 1454 693 1495 fiunt.

190 1527 256 1568 14.
288 1528 506 1584 Myrtoum.
546 1526 587 1567 A
609 1526 798 1581 Myrtilo,
829 1527 979 1582 auriga
1000 1526 1224 1578 Oenomai,
1256 1529 1390 1570 soceri
1414 1529 1599 1586 Pelopis.
1640 1530 1779 1584 Quem
1809 1547 1904 1575 cum

77 1600 434 1656 deprehendisset,
475 1600 585 1655 quod
617 1614 716 1641 axes
747 1615 842 1641 suos
874 1607 1119 1656 corruperat
1148 1601 1192 1642 in
1222 1601 1540 1657 Hippodamiae
1572 1605 1818 1658 certamine,
1858 1608 1903 1649 in

75 1673 251 1730 pelagus
281 1689 376 1716 eum
406 1673 703 1729 praecipitauit
713 1690 722 1722 3
755 1687 806 1715 ex
838 1673 954 1715 cuius
985 1675 1194 1730 supplicio
1224 1690 1340 1717 mare
1370 1691 1523 1719 nomen
1555 1679 1730 1734 accepit,

190 1746 399 1803 [pauidus.
440 1746 668 1802 Proprium
698 1746 912 1802 epitheton
941 1747 1197 1805 nautarum]

189 1821 254 1862 15.
295 1820 542 1877 [luctantem.
588 1819 932 1876 Confligentem]

187 1894 349 1935 Icariis.
389 1893 548 1944 Icarus,
579 1892 764 1934 Daedali
789 1893 912 1944 filius,
940 1894 1082 1949 pinnis
1110 1895 1316 1946 resolutis,
1346 1911 1450 1951 quas
1477 1911 1573 1939 cera
1600 1898 1786 1955 illigatas
1813 1906 1901 1942 arte

73 1966 206 2022 patris
237 1974 483 2022 sumpserat,
515 1967 560 2008 in
589 1981 704 2008 mare
736 1967 892 2008 corruit
922 1974 962 2008 et
990 1982 1143 2009 nomen
1174 1968 1374 2024 imposuit
1403 1971 1511 2011 mari
1540 1970 1736 2014 Icarium.

186 2041 376 2094 Africum
414 2049 614 2082 mercator
650 2048 837 2082 meluens.
887 2040 1084 2082 Metuens
1123 2048 1413 2097 tempestatem
1453 2051 1549 2086 tunc
1588 2045 1732 2087 laudat
1771 2046 1901 2088 otium

74 2118 114 2153 et
144 2127 313 2168 agrum,
350 2119 486 2154 tamen
516 2113 641 2154 auelli
672 2128 697 2154 a
727 2113 899 2169 nauigio
930 2121 1076 2169 postea
1105 2130 1190 2157 non
1220 2122 1374 2171 potest,
1415 2131 1509 2158 eum
1539 2118 1686 2160 timere
1717 2119 1900 2161 desierit,

75 2183 194 2227 Ordo
225 2192 306 2227 est:
343 2185 558 2228 Mercator
588 2192 776 2228 metuens
804 2187 1031 2229 luctantem
1060 2187 1210 2230 Icariis
1238 2189 1433 2232 fluctibus
1460 2189 1669 2242 Africum,
1701 2192 1831 2235 otium
1861 2200 1901 2234 et

73 2258 220 2313 oppidi
250 2259 314 2301 sui
344 2275 443 2301 rura
471 2260 627 2310 laudat,
658 2276 756 2302 mox
786 2261 918 2303 reficit
949 2276 1122 2317 quassas
1152 2269 1275 2314 rates,
1307 2270 1351 2305 ut
1381 2263 1499 2306 trabe
1527 2262 1690 2321 Cypria
1719 2266 1901 2321 pauidus

72 2338 199 2373 nauta
229 2340 340 2375 secet
372 2333 589 2389 Myrtoum
618 2348 746 2375 mare.

186 2476 221 2514 2)
247 2481 396 2515 praetura
419 2477 743 2516 NRdeq12,Crvca,
770 2478 970 2517 praefectura
992 2478 1057 2517 bG,
1076 2479 1156 2509 mfh.
1213 2480 1247 2519 3)
1281 2481 1412 2520 Zeuyma
1435 2481 1475 2511 ab
1501 2482 1556 2511 inf.
1583 2482 1730 2519 mveafh,
1764 2491 1899 2521 zeugma

72 2533 112 2561 ab
144 2531 290 2562 inferiori
320 2533 356 2563 C.
421 2534 456 2573 5)
489 2536 660 2572 persuades
688 2535 792 2573 ANR,
834 2536 1026 2573 persuadeas
1057 2534 1233 2574 Cmvcafh,
1274 2540 1374 2566 nauta
1399 2536 1464 2576 fiat
1493 2536 1530 2567 C.
1596 2537 1630 2576 6)
1666 2538 1792 2567 suaderi
1824 2539 1897 2576 AN,

68 2589 254 2626 persuaderi
284 2589 329 2626 R,
357 2600 437 2627 rmv,
469 2592 664 2628 persuadere
695 2592 778 2621 eafh.
840 2592 874 2630 7)
912 2592 992 2621 illud
1023 2592 1253 2622 Terentianum
1285 2593 1341 2622 Re.
1409 2593 1465 2632 11)
1497 2597 1600 2623 totum
1632 2594 1730 2623 schol.
1763 2604 1824 2623 om.
1857 2595 1897 2632 A,

72 2645 171 2674 uerba
193 2646 273 2684 quod
294 2663 337 2667 ——
353 2651 462 2676 uocant
486 2648 521 2685 23
559 2644 719 2678 σκαλίδιον
745 2647 787 2684 C,
818 2645 927 2678 σκαλιν
952 2658 977 2685 r,
1006 2657 1043 2678 το
1068 2645 1132 2678 διον
1158 2649 1199 2686 R,
1226 2650 1338 2680 todion
1364 2650 1400 2686 d,
1432 2658 1486 2680 τον
1518 2646 1581 2679 διον
1602 2659 1633 2686 v,
1666 2653 1723 2679 ton
1739 2650 1813 2680 dion
1842 2652 1897 2689 bl,

72 2699 206 2744 σκαφίον
238 2702 310 2740 efh,
352 2705 503 2747 σκαφεῖον
534 2704 609 2734 Asc.
642 2709 673 2735 et
701 2704 867 2743 Suringar.
902 2715 931 2743 p.
959 2706 1011 2734 72.
1060 2704 1187 2735 Scribe:
1220 2705 1318 2744 areis]
1353 2715 1430 2735 area
1460 2715 1555 2744 quam
1582 2704 1696 2735 Graeci
1728 2703 1782 2737 τὸν
1815 2704 1897 2738 δῖνον

72 2762 199 2788 uocant.
241 2758 389 2799 Sarculo]
429 2769 531 2798 genus
567 2760 590 2790 f.
610 2770 635 2790 r.
698 2761 753 2799 12)
785 2771 1002 2800 pergamorum
1032 2761 1207 2800 AHN,rv,
1243 2764 1387 2801 pergami
1420 2763 1454 2797 2,
1493 2771 1752 2800 pergamenorum
1789 2764 1896 2802 ndei,

72 2813 180 2844 mcafh
211 2824 252 2844 ex
284 2816 403 2854 Porph.
456 2816 511 2855 14)
538 2826 599 2846 om.
618 2816 667 2854 A,
693 2817 741 2847 uel
765 2819 860 2847 etiam
886 2818 926 2847 N.
979 2818 1034 2857 16)
1060 2819 1170 2856 posuit
1192 2818 1360 2856 AHNR,1·,
1385 2819 1515 2857 ponitur
1537 2819 1679 2849 mvcafh.
1734 2820 1788 2858 17)
1816 2822 1899 2851 fiunt,

71 2870 151 2908 AH,
178 2872 258 2901 fiant
283 2871 327 2908 C,
361 2873 417 2902 rel.
443 2877 526 2903 sunt.
590 2873 644 2912 18)
678 2875 792 2912 auriga
820 2875 1032 2905 uicinionario
1056 2875 1085 2904 A
1120 2875 1220 2914 (man.
1247 2877 1263 2904 2
1296 2877 1353 2904 lin.
1380 2875 1545 2913 suppos),
1577 2877 1759 2907 victimario
1783 2877 1895 2915 vcafh,

72 2928 186 2966 auriga
223 2932 272 2958 est,
305 2938 410 2958 nomen
443 2929 506 2959 siue
541 2930 664 2968 pelopis
695 2931 733 2967 2,
769 2932 883 2970 auriga
914 2932 1031 2961 enomai
1064 2932 1127 2961 sine
1162 2932 1283 2969 pelopis
1319 2931 1397 2970 Rye.
1443 2931 1562 2970 Scripsi
1603 2932 1760 2969 Oenomai,
1798 2935 1898 2963 soceri

71 2984 199 3022 Pelopis,
226 2993 301 3014 nam
326 2985 440 3024 auriga
464 2986 594 3023 Pelopis
621 2990 690 3016 erat
715 2986 853 3025 Spaerus
878 2997 902 3017 s.
920 2988 1026 3017 Killas
1051 2988 1146 3017 Paus.
1164 2988 1202 3024 V,
1224 2988 1275 3024 10,
1294 2987 1312 3016 2
1340 2991 1371 3016 et
1396 2988 1547 3018 Eustath.
1569 2990 1610 3017 ad
1630 2989 1726 3019 Hom.
1745 2990 1782 3018 Il.
1801 2990 1825 3027 I,
1842 2991 1894 3019 38.

71 3039 124 3069 Ad.
148 3049 213 3070 rem
237 3040 319 3070 conf,
343 3040 437 3071 Paus.
454 3041 541 3080 VIII,
570 3043 609 3072 14-
635 3047 666 3073 et
689 3043 812 3082 Hygin.
838 3044 902 3074 fab.
923 3044 1006 3081 225;
1040 3044 1214 3073 auxiliario
1239 3042 1274 3073 G.
1316 3043 1435 3074 Scholii
1460 3046 1595 3075 alteram
1620 3049 1760 3083 partem,
1792 3047 1852 3076 Seu
1876 3057 1896 3075 a

74 3096 184 3126 Venere
201 3100 328 3135 propter
350 3100 478 3136 myrtum
501 3107 559 3127 non
582 3109 603 3128 a
625 3099 762 3137 Myrtilo,
793 3110 864 3129 nam
888 3100 1058 3139 lllyrtilium
1086 3099 1235 3129 diceretur
1259 3109 1320 3130 om.
1345 3100 1384 3131 A.
1428 3101 1485 3140 23)
1512 3102 1616 3139 pinnis
1642 3102 1682 3132 A.
1714 3102 1804 3142 illig.
1829 3102 1894 3138 Al,

73 3160 120 3190 ea,
151 3152 243 3191 allig.
275 3152 357 3190 mfh,
386 3153 479 3192 oblig.
505 3164 529 3183 r.
579 3155 636 3193 24)
662 3155 763 3185 Ieario
796 3154 907 3186 Ceafh.
956 3156 1013 3196 27)
1046 3155 1261 3186 Ordo-mare
1292 3166 1354 3190 om.
1386 3157 1426 3187 A.

1556 3217 1591 3242 l*

1959 592 1976 621 5

1934 957 1975 989 10

1928 2059 1968 2089 25
