2283 3535
857 161 904 192 IN
932 161 1064 193 neon.
1091 163 1205 194 xvn.
1847 158 1922 197 531

843 338 1198 384 PORPHYRION.

215 430 304 471 lam
334 431 416 471 iam
445 429 597 485 efficaci
623 430 685 470 do.
709 443 821 473 man.
859 431 1055 471 scientiae.
1114 429 1163 470 In
1194 430 1273 471 hac
1305 430 1453 486 ecloga
1490 432 1667 487 figurate
1709 448 1803 475 cum
1845 435 1929 476 (fia-

102 502 220 544 nidia
250 502 358 558 agit3
389 517 499 552 nam,
532 502 652 556 quasi
683 502 924 552 satisfaciat,
956 502 1111 544 lacerat
1142 517 1234 543 eam
1266 503 1449 558 eleganti
1480 503 1728 547 urbanitate.

213 576 421 618 Sciente‘ae.
483 574 711 632 [Scientia]
744 575 1043 617 ueneficiorum
1076 576 1237 618 scilicet
1268 576 1610 630 intellegendum.

216 650 254 690 2.
285 649 458 705 supplex
488 657 523 690 et
553 663 623 690 oro
654 663 780 703 reyna
802 663 880 705 per
912 650 1098 704 Proserp.
1160 648 1393 703 Eleganter
1424 649 1544 703 quasi
1565 664 1642 704 per
1663 650 1763 692 deas
1793 652 1927 707 ipsius

102 735 194 763 eam
225 729 328 771 orat,
361 721 460 776 quia
491 721 702 762 ueneficae
733 720 926 762 Hecaten
956 721 1110 763 colunt.

211 794 250 835 3.
274 809 352 850 per
383 802 418 836 et
448 795 498 836 D.
530 809 568 835 n.
598 809 647 835 m..
688 809 724 836 η.
800 793 897 835 Ηο0
934 802 1007 843 est,
1045 809 1128 836 non
1171 795 1425 846 lacessenda,
1465 803 1509 837 ut
1545 805 1792 839 moueantur
1829 798 1854 838 i.
1893 813 1926 840 0.

99 867 347 908 irascantur.

210 942 248 980 4.
273 955 351 996 per
383 947 499 996 atque
531 941 651 982 libros
684 954 807 982 carm.
838 940 920 981 παῖ.
983 939 1124 981 Ordo:
1157 946 1281 994 atque
1313 955 1389 995 per
1418 941 1549 983 libros
1571 943 1825 993 carminum3
1860 945 1925 1000 ip-

100 1012 185 1054 sius
216 1019 353 1054 autem
386 1011 593 1054 Canidiae
624 1012 737 1054 dicit.

211 1087 234 1127 6
280 1101 407 1142 parce
428 1087 591 1128 uocibus
612 1087 720 1127 tund.
744 1087 887 1128 sacris.
959 1086 1135 1136 Vocibus,
1158 1085 1310 1128 uerbis.
1344 1086 1544 1142 (Duobus
1565 1089 1757 1131 uersibus
1779 1090 1925 1147 diam)

98 1158 309 1215 Dialogus
340 1173 451 1200 nunc
482 1159 646 1200 dicitur.
711 1160 863 1208 Sacris,
912 1159 1011 1213 quia
1041 1174 1207 1201 sacrum
1245 1168 1284 1201 et
1326 1160 1571 1216 religiosum
1609 1170 1649 1203 et
1690 1163 1926 1205 execrabile

98 1232 319 1288 significat.

207 1403 361 1434 PORPH.
411 1405 446 1444 3)
471 1404 594 1444 efficaci.
622 1408 769 1433 strenuae
794 1404 856 1446 Βφ.
890 1402 935 1431 clo.
961 1403 1049 1432 trado
1082 1402 1146 1445 Βφ.
1183 1420 1223 1423 ᾖ
1255 1403 1316 1433 Pro
1347 1404 1503 1433 uocabulo
1535 1414 1598 1435 11011
1631 1406 1732 1435 latino
1759 1407 1927 1447 figuratim,

95 1460 181 1498 quod
204 1460 359 1498 R2,rvafh
384 1464 526 1497 tuentur,
558 1464 643 1489 recte
669 1460 800 1497 figurate
833 1458 966 1497 (Ascon.
993 1460 1027 1488 in
1054 1457 1122 1489 Cic.
1147 1458 1237 1489 Verr.
1263 1459 1336 1489 Act.
1362 1459 1388 1497 Ι,
1417 1458 1452 1499 6)
1486 1461 1549 1490 MA
1582 1460 1704 1500 (G?Q).
1738 1462 1820 1492 conf.
1856 1463 1926 1507 Bc:

94 1517 168 1554 quia
192 1517 337 1554 superius
362 1517 522 1554 probrosis
548 1517 655 1546 uerbis
682 1520 852 1546 execratus
877 1516 980 1545 fuerat
1004 1516 1177 1545 canidiam.
1204 1519 1399 1554 quapropter
1424 1518 1549 1546 animus
1578 1519 1646 1547 eius
1664 1519 1806 1548 amentia
1823 1519 1927 1550 fuerat

95 1574 293 1611 exagitatus.
317 1573 388 1602 Hac
406 1573 464 1603 ode
481 1573 550 1602 vult
571 1582 637 1602 eam
654 1572 715 1612 (ei)
733 1573 824 1610 quasi
844 1573 924 1601 satis
950 1572 1053 1601 facere
1080 1576 1113 1602 et
1130 1572 1252 1601 lacerat
1269 1581 1338 1600 eam
1351 1572 1488 1611 ,ἥρω-ατε
1514 1574 1658 1612 eleganti
1677 1576 1865 1606 urbanitate
1884 1578 1928 1606 ita

93 1633 130 1658 ut
155 1629 188 1658 in
212 1639 276 1658 una
300 1630 443 1658 clausula
470 1638 539 1658 eam
565 1629 675 1658 laudet
703 1633 735 1659 et
760 1629 793 1658 in
819 1629 917 1658 aliam
944 1628 1039 1667 (alia)
1064 1628 1235 1666 vituperet.
1263 1626 1358 1657 Conf.
1387 1626 1429 1657 C:
1463 1628 1624 1664 Quoniam
1650 1632 1798 1669 superius
1825 1633 1926 1670 ipsius

95 1684 251 1715 Canidiae
276 1685 381 1716 famae
407 1686 615 1723 derogauerit
645 1685 759 1715 Horat.
792 1691 824 1715 et
852 1685 963 1714 multis
996 1685 1124 1722 probris
1157 1686 1186 1713 ei
1216 1686 1404 1722 turpissime
1437 1686 1636 1723 detraxerat,
1673 1687 1771 1725 fingit
1805 1688 1857 1718 hic
1894 1699 1926 1719 se

92 1741 179 1771 illius
205 1743 331 1780 magica
356 1746 515 1771 amentem
541 1743 604 1771 iam
630 1742 747 1771 factum
773 1743 812 1771 ob
840 1741 927 1771 illius
953 1749 1104 1777 amorem,
1141 1749 1237 1779 seque
1258 1740 1448 1779 palinodiam
1473 1751 1586 1771 canere
1624 1743 1720 1781 velle,
1752 1745 1844 1782 quasi
1871 1745 1926 1775 do-

92 1798 156 1827 leat
181 1798 260 1827 talia
284 1807 318 1827 se
344 1799 530 1836 scripsisse:
557 1799 679 1828 interea
704 1799 844 1836 eleganti
871 1799 1056 1827 urbanitate
1073 1797 1161 1827 illam
1179 1797 1210 1827 z‘n
1226 1807 1288 1827 una
1304 1797 1461 1836 eademque
1478 1798 1615 1828 clausula
1641 1800 1737 1829 simul
1756 1805 1789 1830 et
1813 1801 1925 1831 laudat

93 1858 125 1885 et
148 1856 323 1893 uituperat.
349 1865 385 1898 γι
409 1852 599 1886 παλινωὸίαν
624 1856 702 1885 facit
730 1861 761 1886 et
787 1856 898 1885 laudat
925 1865 994 1885 eam
1020 1864 1113 1893 quam
1139 1855 1305 1884 lacerauit.
1331 1864 1402 1884 nam
1425 1855 1514 1892 quasi
1537 1855 1762 1895 MAR2G(Q).
1795 1866 1925 1896 namque

90 1915 123 1940 nt
144 1911 250 1940 rvafh.
300 1912 334 1951 5)
362 1911 494 1942 Sciemz'a
519 1911 547 1941 G
574 1913 604 1941 in
632 1912 716 1948 lem.‚
742 1913 815 1942 hinc
841 1912 868 1948 Q
890 1911 1040 1941 scientiae.
1066 1911 1222 1941 Scientia.
1249 1911 1342 1940 male.
1369 1912 1505 1941 scientia
1530 1921 1549 1940 a
1574 1912 1682 1941 uenef.
1709 1912 1743 1941 M
1768 1912 1922 1952 (Halm.).

92 1985 133 1989 ——
151 1967 249 1997 benef.
275 1968 302 1997 R
327 1972 362 1999 ut
386 1972 464 1998 vett.
491 1968 565 1997 libri
591 1978 647 2006 pro
671 1969 772 1998 venes.
824 1969 857 2007 6)
885 1968 1016 1997 Lemma
1041 1969 1073 1998 in
1099 1967 1152 1997 fh:
1177 1968 1290 2006 Regna
1315 1976 1370 2006 per
1394 1968 1631 2006 Proserpinam.
1658 1969 1788 2006 plenum
1814 1974 1863 1999 est
1889 1971 1922 1999 in

92 2033 128 2054 a:
155 2023 299 2062 Supplex
325 2029 356 2054 et
382 2034 435 2055 oro
459 2034 557 2063 regna
582 2034 638 2063 per
663 2025 810 2063 Proserp.
839 2042 878 2045 —-
905 2035 942 2054 rv
967 2035 1028 2054 om.
1055 2029 1106 2054 et:
1134 2024 1280 2063 Supplex
1305 2034 1356 2054 oro
1381 2033 1479 2062 regna
1505 2026 1724 2063 proserpinae.
1792 2026 1826 2064 7)
1855 2036 1923 2056 cam

91 2085 163 2111 orat
187 2079 356 2120 M2(G?Q)
382 2082 453 2111 rell.
479 2085 548 2111 orat
574 2091 652 2111 eam.
695 2099 736 2101 κ
777 2085 882 2111 eeaten
907 2081 979 2111 MG.
1005 2082 1168 2112 heccatein
1194 2092 1218 2111 r.
1246 2082 1314 2110 rell.
1349 2081 1504 2113 hecatem.
1537 2082 1649 2111 hecate
1680 2082 1711 2111 z'n
1744 2082 1851 2112 colunt
1883 2083 1920 2112 R.

91 2141 198 2167 ecaten
221 2137 365 2168 incolunt
390 2138 424 2167 M
450 2137 572 2175 (Halm.
598 2137 680 2175 negl.
711 2137 738 2172 Q
763 2148 791 2175 p.
818 2137 1030 2177 XXXXIIII).
1056 2139 1127 2167 rell.
1156 2138 1274 2168 colunt.
1299 2147 1332 2179 γε
1369 2146 1428 2166 non
1453 2138 1597 2167 mouenda
1634 2137 1736 2176 (man.
1763 2140 1923 2169 recentior

89 2194 253 2232 pallidiori
279 2198 395 2223 atram.
423 2203 571 2232 suprapo.
588 2193 942 2232 effzephexegesis).
969 2194 1043 2223 Non
1069 2195 1231 2224 uiolanda.
1249 2203 1311 2224 non
1335 2193 1539 2223 offendenda.
1564 2204 1629 2224 non
1653 2195 1829 2224 metienda.
1857 2205 1921 2225 non

91 2251 282 2280 execranda.
332 2249 501 2288 Significat
527 2254 634 2280 autem
659 2255 798 2280 aetatem
822 2251 888 2280 uel:
926 2260 984 2280 non
1008 2252 1165 2289 mouenda,
1203 2260 1283 2289 quae
1308 2259 1371 2280 non
1399 2253 1578 2280 mouentur.
1617 2260 1674 2288 per
1711 2251 1789 2280 haec
1814 2255 1920 2281 autem

88 2308 221 2337 numina
246 2308 422 2337 adiurando
447 2308 621 2336 ueneficam
647 2308 802 2337 ostendit.
829 2307 898 2349 Βφι
935 2317 999 2337 11011
1025 2309 1230 2346 prouocanda
1259 2308 1298 2336 ad
1317 2308 1526 2336 iracundiam.
1580 2307 1634 2345 1⁴2)
1662 2307 1765 2337 Mirus
1792 2309 1920 2338 omnino

90 2372 265 2393 consensus
291 2367 341 2393 est
367 2366 447 2393 uett.
474 2364 629 2393 librorum
642 2362 818 2401 MRQG,rv,
845 2365 898 2401 qui
924 2364 1045 2394 habent
1070 2364 1181 2394 duobus
1204 2364 1324 2401 uerbis,
1351 2364 1383 2392 in
1402 2373 1464 2401 qua
1489 2364 1627 2392 lectione
1653 2364 1738 2392 nihil
1764 2373 1920 2401 quaeren-

89 2419 163 2449 dum
187 2424 236 2449 est
261 2420 325 2448 nisi
350 2420 476 2449 incuria
501 2420 679 2449 scribarum
704 2424 799 2458 atque
825 2429 1003 2458 operarum.
1032 2419 1106 2450 Asc.
1141 2422 1264 2458 primus
1297 2420 1401 2458 posuit
1434 2421 1583 2449 iteratam
1616 2421 1776 2449 lemmatis
1809 2430 1920 2450 uocem

89 2475 217 2512 uocibus,
245 2480 275 2505 et
301 2475 368 2511 th
394 2485 464 2505 eum
490 2477 592 2506 secuti
619 2480 706 2506 sunt.
733 2480 837 2506 recte:
863 2476 994 2506 uocibus.
1020 2478 1138 2507 uerbis.
1189 2477 1345 2514 Namque,
1372 2479 1407 2505 ut
1432 2475 1465 2505 M
1489 2476 1605 2505 habet:
1639 2476 1760 2506 duobus
1785 2477 1920 2506 uersibus

90 2532 237 2570 dialogus
260 2541 343 2561 nunc
368 2531 486 2561 dicitur
504 2532 638 2570 (Halm.‚
659 2530 726 2571 Q?)
756 2542 819 2562 non
845 2534 1005 2562 saniorem
1031 2534 1186 2570 praebent
1213 2542 1340 2562 sensum
1366 2541 1459 2570 quam
1485 2532 1606 2561 duobus
1630 2533 1740 2561 uerbis
1767 2532 1796 2561 d.
1812 2542 1842 2561 n.
1869 2533 1918 2561 di-

89 2588 181 2624 citur,
206 2597 264 2617 nec
289 2588 457 2625 quisquam
481 2587 524 2616 ibi
549 2588 732 2625 palinodiae
758 2589 809 2618 uel
835 2589 957 2626 dialogi
983 2590 1208 2619 definitionem
1233 2592 1376 2627 quaeret.
1404 2589 1504 2624 Quem
1523 2592 1631 2618 tamen
1649 2589 1815 2626 dialogum
1833 2589 1919 2618 inter

89 2642 164 2673 Hor.
192 2647 222 2673 et
248 2642 419 2672 Canidiam
445 2644 585 2681 incipere
610 2644 756 2673 uersibus
783 2645 907 2674 duobus
934 2646 951 2674 5
979 2649 1010 2674 et
1037 2646 1072 2674 7:
1113 2644 1249 2682 Canidia,
1273 2653 1366 2682 parce
1404 2660 1441 2666 —-
1480 2644 1635 2682 turbinem,
1663 2645 1690 2673 si
1715 2644 1918 2683 Porphyrion

89 2699 194 2729 dicere
217 2700 359 2730 uoluisse
383 2700 546 2737 putandus
572 2700 625 2736 sit,
652 2709 715 2729 non
740 2705 798 2737 est,
836 2701 921 2738 quod
946 2701 1175 2731 contradicam.
1201 2701 1356 2739 Dialogus
1381 2700 1538 2739 <dialogos
1561 2701 1609 2739 af)
1648 2710 1731 2730 nunc
1756 2701 1795 2730 cle
1820 2702 1917 2730 sacris

88 2755 172 2785 rafh.
198 2765 282 2785 nunc
306 2755 416 2785 dicitur
439 2754 695 2794 MRA2G(Q)‚v.
720 2756 841 2786 uocibus
865 2757 945 2786 meis
971 2756 1033 2800 Βφ.
1102 2757 1156 2795 13)
1182 2756 1289 2786 sacris.
1315 2756 1458 2786 nefariis.
1486 2757 1678 2786 execrandis
1704 2766 1731 2798 γ.
1758 2757 1779 2786 i.
1806 2765 1917 2785 amen-

89 2811 170 2840 tiam
195 2820 254 2849 qua
279 2811 432 2849 obligasti
457 2816 596 2840 mentem
620 2820 724 2841 meam
737 2812 798 2855 Βφ.
834 2812 957 2842 uocibus
983 2812 1100 2841 tandem
1124 2813 1231 2842 sacris.
1257 2814 1451 2842 carminibus
1477 2813 1740 2850 detestabilibus,
1766 2813 1916 2849 nefariis,

90 2867 328 2896 execrabilibus
355 2865 390 2895 C.
429 2884 471 2886 -—
508 2871 535 2896 et
557 2868 648 2905 relig.
675 2866 884 2906 MRQGPQ).
911 2873 943 2898 et
967 2877 1025 2897 0111.
1052 2868 1158 2898 rvafh.
1185 2870 1217 2897 id
1244 2873 1293 2899 est
1319 2869 1401 2906 quod
1426 2869 1545 2898 urebz'us
1570 2869 1697 2898 resolue
1722 2869 1858 2898 dicimus
1883 2868 1918 2897 M

92 2923 226 2961 (Halm,
243 2923 389 2961 neglexit
410 2922 437 2957 Q
451 2932 481 2960 p.
496 2922 663 2962 XXVIIII)
680 2923 716 2952 R.
733 2923 831 2962 Atqui
849 2924 1076 2962 magnifestum
1096 2928 1154 2962 est,
1173 2924 1375 2954 scribendum
1391 2933 1459 2953 esse
1476 2924 1610 2953 crebrius
1627 2934 1683 2962 pro
1700 2924 1830 2954 w'ebz‘us.
1848 2924 1916 2953 Ab-

91 2979 187 3008 surda
211 2982 318 3008 autem
343 2983 392 3008 est
416 2979 512 3009 lectio
537 2980 606 3008 rell.
632 2980 802 3009 librorum:
828 2980 925 3010 Retro
952 2981 1051 3017 solue,
1077 2981 1110 3010 id
1132 2980 1210 3019 quod
1232 2980 1349 3009 dubium
1365 2985 1417 3017 est,
1443 2981 1557 3010 resolve
1575 2981 1722 3018 dicimuS,
1749 2981 1914 3019 aliquanto

91 3034 230 3064 deterior
253 3035 330 3064 haec
351 3043 392 3064 ex
418 3034 463 3064 G:
489 3034 522 3063 id
545 3036 687 3073 estquod
705 3036 778 3065 dub.
799 3045 823 3067 e.
848 3046 873 3065 r.
897 3036 1043 3066 dicimus.
1069 3036 1111 3066 Et
1128 3038 1244 3066 mirum
1262 3040 1294 3066 et
1311 3037 1483 3066 dolendum
1501 3041 1560 3074 est,
1587 3038 1656 3067 eius
1679 3038 1912 3075 modiineptias

90 3089 123 3118 in
146 3093 273 3120 ueteres
302 3090 534 3130 Porphyrionis
565 3091 664 3121 libros
697 3100 716 3120 a
747 3093 902 3122 monacho
940 3093 1089 3130 quopiam
1122 3093 1329 3122 intromissas
1359 3102 1395 3122 ac
1421 3093 1571 3131 deinceps
1603 3094 1637 3122 111
1677 3094 1746 3123 edd.
1793 3097 1914 3122 temere

90 3145 231 3175 intrusas
256 3147 411 3176 tenaciter
436 3147 568 3176 retineri
594 3147 738 3184 potuisse
762 3147 814 3177 uel
839 3148 878 3178 ab
895 3148 948 3185 iis,
974 3149 1027 3186 qui
1054 3149 1156 3178 critici
1179 3158 1310 3178 munere
1334 3148 1508 3187 fungentes
1533 3149 1663 3179 iudiciis
1689 3150 1791 3188 inagis
1817 3157 1912 3187 quam

1590 3215 1641 3238 34*

1955 952 1994 982 10
