2170 3460
60 970 100 1001 10

66 1338 103 1368 15

120 166 203 207 260
750 171 855 203 Aen.
880 170 941 201 ET
966 167 1132 200 PORPH.
1158 166 1305 199 comm.

113 301 252 356 sames,
283 305 322 340 et
352 297 566 340 Juueualis
598 294 678 351 (X,
712 293 792 345 III,
825 294 918 350 24):
959 294 1084 348 Atque
1115 292 1223 333 omui
1251 305 1300 332 ex
1331 289 1497 331 crimine
1528 288 1688 330 lucrum
1717 311 1771 316 ——
1804 286 1948 336 Quae-

119 377 250 417 situm.

232 447 298 488 53.
332 446 537 487 terminus.
597 442 718 484 Finis
749 448 923 482 naturae
960 438 1140 493 (terrae‘?
1170 436 1362 491 maris?),
1410 449 1491 490 quo
1521 434 1668 475 mundi
1699 432 1835 489 spatia
1865 438 1949 473 ter-

120 521 353 562 minantur:
389 518 462 575 [ad
494 531 617 572 quem
649 514 805 571 adhuc]
839 514 893 554 ad
913 514 1025 554 hunc
1046 510 1173 552 armis
1197 506 1336 566 [dicit]
1360 507 1575 564 perueniri
1595 506 1755 547 ambitu
1776 505 1950 562 gloriae,

122 595 212 636 sine
243 592 335 634 auri
367 590 579 646 cupidine.

235 668 299 707 54.
332 680 410 720 qua
439 672 556 719 parte
588 661 882 703 debacchentur
911 660 1033 713 iques.
1073 654 1360 709 Κεκαυμένην,
1393 653 1727 702 inhabitabilem,
1758 659 1804 693 ut
1840 652 1952 706 l'erq.

123 738 198 795 (G.
230 739 264 789 I,
297 739 415 787 234):
451 736 634 792 [Semper
665 735 746 775 sole
779 733 924 774 rubeus
956 730 1009 787 el]
1044 730 1200 772 torrida
1231 743 1383 784 semper
1413 728 1459 768 ab
1498 728 1591 782 iqui.
1618 727 1661 767 in
1691 741 1773 780 qua
1808 725 1954 766 incen-

123 814 239 855 dium
286 812 363 868 [ita
394 823 559 863 semper
589 807 683 864 est,]
733 813 777 848 ut
806 807 922 848 furor
960 802 1264 846 bacchantibus
1304 801 1554 850 dominetur,
1600 798 1820 855 ideo[que]
1854 797 1957 838 dicit

125 885 433 928 debacchentur.

242 959 307 999 56.
331 971 406 1012 qua
425 956 510 997 ueb.
525 970 565 1012 p.
589 969 619 995 r.
664 950 1063 1008 Septemtrionalem
1079 947 1290 1004 signifieat
1313 946 1542 996 cardinem,
1564 946 1643 987 hoc
1664 951 1738 996 est,
1760 944 1957 994 niualem,

123 1038 166 1074 ut
214 1029 351 1088 [item]
406 1030 513 1084 Very.
546 1026 622 1083 (G.
654 1026 687 1077 Ι,
727 1026 852 1080 236);
902 1021 1138 1080 [Caerulea]
1185 1022 1311 1076 qlacie
1356 1028 1563 1061 concretae
1608 1027 1723 1074 atque
1766 1018 1959 1060 imbribus

127 1107 240 1148 airis.
930 1098 933 1099 ⁷

241 1179 306 1219 57.
338 1177 418 1218 sed.
452 1176 541 1217 bell.
572 1176 660 1230 fata
687 1174 803 1224 Quir.
834 1172 910 1213 hac
942 1171 1022 1226 leqe
1054 1170 1152 1211 dico.
1216 1166 1449 1216 Constituo,
1486 1164 1628 1207 sancio
1648 1164 1852 1206 Romanis
1881 1163 1962 1205 hoc

126 1252 190 1293 ius
220 1251 415 1299 fatorum,
460 1254 506 1290 ut
536 1246 821 1303 perniciosum
850 1244 1046 1293 habeant,
1093 1256 1170 1297 per
1201 1255 1244 1283 se
1275 1239 1466 1295 reparari
1495 1239 1681 1281 Troiam.
1743 1238 1962 1280 Bellicosis.

129 1323 409 1382 pugnacibus.

242 1399 307 1439 58.
340 1412 387 1438 ue
417 1396 583 1437 nimium
607 1395 677 1450 pii.
738 1391 825 1445 Qui
856 1391 985 1432 uelint
1017 1395 1232 1445 praestare
1264 1386 1511 1443 parentibus
1533 1392 1678 1428 contra
1705 1385 1964 1427 uoluntatem

128 1471 333 1513 Deorum.

244 1545 308 1586 59.
341 1543 550 1598 Rebusque
575 1542 752 1596 sidentes.
816 1536 977 1580 Confisi
1008 1535 1211 1591 potentia.

246 1618 312 1658 62.
347 1617 454 1657 tristi
482 1616 529 1656 cl.
561 1614 786 1655 iterabitur.
845 1610 943 1652 Hoc
960 1608 1147 1662 Quidam
1169 1607 1264 1649 ideo
1287 1607 1445 1648 dictum
1464 1606 1623 1656 uolunt,
1656 1620 1738 1661 quo
1758 1604 1965 1655 Fimbria,

130 1691 293 1747 legatus
312 1688 489 1738 Cinnae,
525 1687 633 1728 Ilion
654 1683 913 1740 temporibus
931 1682 1117 1739 Syllanis
1148 1680 1463 1737 oppugnauerit
1483 1695 1532 1721 ac
1554 1679 1743 1730 diruerit,
1776 1678 1848 1734 qui
1869 1693 1967 1720 mox

131 1764 335 1806 seditione
367 1762 546 1803 militum
576 1766 819 1815 peremptus
851 1764 924 1799 est.
986 1755 1106 1797 Ordo
1138 1762 1220 1797 est:
1252 1754 1442 1796 Fortuna
1463 1753 1618 1795 Troiae
1648 1767 1873 1795 renascens
1903 1751 1967 1793 lu-

132 1837 257 1894 gubri
288 1836 385 1877 alite
443 1834 664 1875 iterabitur
697 1832 805 1874 tristi
837 1831 955 1873 clade
986 1845 1052 1870 me
1084 1829 1264 1884 coniuge
1296 1836 1336 1869 et
1365 1842 1506 1869 sorore
1527 1826 1651 1869 Jouis
1672 1826 1849 1869 ducente
1878 1825 1968 1867 uic-

132 1910 257 1952 trices
288 1916 490 1951 cateruas.
551 1907 783 1949 Iterabitur.
844 1910 1068 1958 repetetur.

248 1984 313 2024 64.
347 1984 509 2037 coue'uqe
540 1996 599 2022 me
630 1981 722 2021 Jou.
754 1988 787 2020 et
818 1993 897 2019 sor.
958 1976 1018 2018 Ut
1058 1977 1167 2031 Verq.
1190 1973 1264 2025 (A.
1287 1975 1321 2025 Ι,
1344 1976 1440 2030 46>ε
1476 1975 1568 2031 [Ast
1599 1989 1666 2030 eqo
1698 1989 1794 2030 quae
1827 1973 1967 2015 diuum

94 2069 105 2083 ⁷
136 2057 276 2099 incedo
306 2055 465 2111 reyiua]
499 2053 705 2108 Jouisque
737 2052 795 2093 Et
825 2066 943 2093 soror
974 2057 1014 2091 et
1045 2049 1240 2091 coniunx.

252 2156 284 2193 1)
313 2160 342 2184 et
369 2165 430 2184 om.
458 2153 577 2184 mvafh.
604 2171 645 2174 *⁴
672 2153 730 2181 loc.
756 2150 901 2181 quenal.
928 2159 988 2179 om.
1015 2150 1103 2186 R1‚1-.
1151 2149 1278 2188 3)f1nis
1297 2147 1428 2177 amaris
1446 2147 1479 2176 R.
1507 2147 1576 2177 rell.
1603 2148 1658 2177 fin.
1678 2150 1820 2176 naturae.
1867 2146 1903 2185 4)
1931 2147 1972 2176 ad

135 2212 210 2242 bunc
235 2221 313 2241 arm.
339 2211 396 2253 Λγ.
438 2212 478 2240 ad
504 2219 597 2249 quem
623 2219 682 2240 om.
710 2208 790 2250 A-s2.
831 2208 871 2236 ad
897 2216 954 2236 om.
983 2206 1129 2243 Rl‚1nv.
1171 2205 1214 2234 acl
1235 2214 1320 2243 quem
1356 2205 1454 2234 adhuc
1492 2205 1600 2233 armis.
1631 2221 1673 2224 —
1700 2204 1780 2233 dicit
1819 2213 1880 2232 om.
1918 2202 1971 2245 Αγ.

135 2269 301 2307 peruenire
325 2269 406 2298 amb.
433 2268 463 2297 2.
484 2267 672 2305 praeueniri
698 2275 728 2294 v.
767 2265 801 2303 5)
817 2267 843 2293 et
866 2264 935 2292 auri
963 2262 998 2292 C.
1027 2263 1093 2291 sine
1117 2262 1166 2304 γ2.
1193 2266 1291 2299 recte,
1325 2271 1397 2290 nam
1424 2262 1532 2297 Roma,
1558 2269 1700 2299 spernere
1714 2259 1836 2299 sortior
1855 2269 1972 2289 aurum.

134 2326 205 2355 rell.
234 2326 311 2354 siue.
373 2324 408 2363 6)
434 2324 654 2353 debachentur
679 2322 738 2351 Ab.
767 2321 991 2350 debachantur
1016 2329 1041 2348 r.
1067 2319 1137 2348 rell.
1167 2319 1420 2347 debacchentur.
1458 2318 1538 2347 cont.
1563 2317 1636 2346 Aer.
1662 2318 1703 2345 ad
1727 2316 1763 2346 C.
1790 2316 1815 2353 l,
1843 2317 1895 2354 22,
1922 2316 1974 2353 22,

136 2383 190 2412 ubi
216 2379 414 2423 κεκαυμένη-ι
441 2380 530 2419 (CQ)
558 2381 633 2409 item
659 2379 751 2408 codd.
779 2378 997 2407 confirmatur.
1030 2384 1248 2406 cecaumenen
1273 2375 1311 2403 A.
1338 2384 1506 2404 cecaumen
1533 2373 1571 2403 G.
1599 2383 1817 2404 cenaumenon
1841 2374 1877 2403 R.
1903 2382 1974 2402 ceu-

136 2447 247 2468 camen
270 2448 297 2480 γ.
331 2446 480 2467 cacumen
505 2446 585 2466 rmv.
628 2444 841 2465 ceramnenen
867 2443 894 2462 a.
933 2430 1166 2474 κεραυνομένην
1193 2431 1241 2461 fh.
1285 2432 1362 2460 dicit
1387 2431 1503 2472 Astur.
1530 2431 1599 2460 rell.
1625 2431 1718 2459 dimit.
1784 2430 1817 2468 7)
1845 2429 1976 2467 Semper

137 2512 179 2515 ——
207 2498 238 2524 et
264 2504 324 2524 om.
353 2493 445 2535 Affl,
480 2494 535 2531 qui
560 2493 674 2522 habet:
716 2492 798 2531 iques
823 2491 953 2529 plagam
980 2493 1011 2519 et
1037 2499 1149 2518 zonam
1175 2492 1338 2526 perustam
1365 2488 1443 2517 dicit
1473 2492 1509 2517 ut
1534 2488 1657 2517 torrida
1683 2496 1807 2524 semper
1833 2487 1872 2515 ab
1898 2487 1974 2525 igni.

138 2552 170 2581 in
196 2561 259 2590 qua
284 2551 471 2581 incendium
497 2550 690 2579 dominetur.
726 2550 793 2587 igni
819 2552 864 2577 est
886 2548 930 2576 t'h.
958 2547 1057 2575 schol.
1086 2556 1146 2575 om.
1173 2546 1212 2583 b,
1251 2545 1303 2583 qui
1329 2545 1448 2573 habet:
1476 2553 1538 2582 qua
1564 2554 1594 2582 p.
1622 2544 1754 2573 debach.
1781 2544 1874 2581 ignes
1901 2544 1920 2573 i.
1945 2543 1976 2573 in

137 2612 250 2638 arente.
279 2608 313 2647 8)
334 2609 381 2638 ita
396 2607 504 2637 inc.A.
525 2606 601 2636 dicit
620 2616 679 2636 om.
700 2605 740 2636 A.
772 2605 826 2643 10>
847 2605 1096 2642 septentrionem
1113 2604 1142 2632 2.
1170 2603 1355 2639 significans
1378 2603 1402 2630 1.
1429 2602 1514 2639 sign.
1541 2601 1598 2629 hoc
1613 2604 1661 2630 est
1682 2601 1747 2630 niu.
1767 2600 1929 2630 cardinem
1944 2601 1975 2629 2.

138 2666 171 2695 id
197 2670 255 2703 est,
276 2664 439 2705 ylacialem
464 2668 490 2693 et
515 2664 580 2693 niu.
600 2662 637 2692 C.
664 2664 742 2692 item
767 2662 862 2700 Vcrg.
892 2662 983 2691 Caer.
1010 2671 1070 2690 om.
1099 2660 1156 2702 Αγ.
1210 2659 1264 2696 11)
1293 2662 1444 2688 concreta
1461 2657 1509 2699 Αγ
1536 2657 1672 2695 (glutine
1696 2666 1800 2687 coner.
1827 2660 1859 2686 at
1882 2657 1975 2696 imb.)

138 2722 212 2758 R‚r
252 2721 386 2760 (glacies
411 2724 561 2750 concreta
585 2719 682 2749 niuali
705 2719 830 2757 atquo).
870 2719 949 2747 inbr.
975 2718 1015 2746 A.
1083 2717 1140 2755 13)
1166 2716 1201 2745 In
1227 2717 1331 2745 lemm.
1359 2717 1385 2750 Q
1412 2725 1473 2745 om.
1500 2714 1557 2744 hac
1582 2714 1643 2753 [eye
1668 2713 1744 2743 dico.
1787 2712 1974 2743 Constituto

140 2778 231 2808 mvsh
257 2778 372 2816 (lege).
403 2776 548 2807 Co‘nstimo
574 2786 634 2805 om.
663 2777 692 2806 2.
726 2774 898 2805 Constitue
923 2774 998 2815 AyP.
1025 2777 1055 2803 et
1086 2774 1155 2802 rell.
1182 2772 1272 2809 edico,
1300 2773 1461 2801 constituo
1485 2770 1518 2800 C.
1560 2770 1680 2800 sanctio
1705 2770 1744 2799 A.
1772 2770 1891 2799 sancio.
1916 2773 1977 2799 sta-

140 2840 188 2864 tuo
214 2836 243 2864 2.
284 2835 427 2873 reparari
453 2834 527 2876 ΛγΙῖ
553 2837 582 2864 et
613 2832 640 2868 Q
667 2833 766 2863 tacite
792 2842 862 2861 cum
890 2831 925 2860 C.
953 2831 1024 2860 edd.
1050 2840 1137 2860 omn.
1166 2838 1321 2867 reparare.
1364 2827 1468 2857 Ballio.
1495 2827 1704 2865 pugnacibus.
1731 2835 1771 2855 ex
1796 2825 1881 2868 ATC.
1909 2826 1977 2855 rell.

141 2901 203 2922 om.
257 2892 310 2929 16)
337 2891 370 2920 id
394 2895 435 2920 esc
460 2891 514 2929 qui
543 2890 570 2920 2.
604 2889 678 2928 quia
701 2899 728 2931 γ.
766 2889 834 2918 rell.
863 2888 925 2926 qui.
965 2889 1020 2926 qui
1046 2888 1147 2916 uelint
1175 2886 1254 2915 iusta
1279 2895 1324 2924 pr.
1353 2885 1388 2914 C.
1430 2885 1571 2914 Deorum
1597 2883 1661 2913 uol.
1689 2883 1718 2912 ⁴2.
1773 2882 1829 2921 18)
1857 2882 1978 2912 Confisi

142 2954 208 2987 pot.
234 2958 274 2978 ex
294 2948 357 2977 Ac.
385 2948 452 2977 rell.
479 2957 542 2977 om.
593 2946 649 2986 19)
675 2946 743 2976 Hoc
770 2946 900 2984 quidam
926 2945 999 2974 ideo
1025 2945 1145 2974 dictum
1163 2943 1242 2985 Αγὶ).
1280 2943 1340 2971 hoc
1366 2942 1438 2971 ideo
1465 2940 1575 2970 dictum
1602 2940 1731 2978 quidam
1750 2938 1785 2968 R.
1823 2939 1882 2968 hoc
1907 2939 1978 2969 ideo

142 3005 202 3035 <lici
226 3006 358 3043 quidam
384 3015 408 3034 r.
451 3004 522 3033 rell.
555 3004 613 3033 hoc
646 3004 718 3033 ideo
750 3003 881 3042 quidam
912 3002 1043 3031 dictum.
1092 3000 1205 3029 fimbria
1229 2999 1257 3027 A
1283 2998 1327 3036 (u.
1355 2999 1395 3027 65
1424 2996 1575 3034 fimbria).
1642 2995 1699 3034 20)
1736 3004 1801 3025 cam
1825 2999 1921 3033 temp.
1948 2996 1978 3025 b.

144 3062 322 3093 1·cll.ilion.
360 3070 484 3099 cynnac
510 3060 545 3089 R.
596 3060 735 3099 Syllanis
760 3058 970 3096 AR,rmvafh.
1003 3057 1066 3087 sill.
1092 3058 1141 3099 γῐ).
1175 3056 1253 3086 Sull.
1281 3055 1345 3090 CQ.
1387 3055 1458 3092 obp.
1487 3055 1516 3082 b.
1555 3062 1587 3081 sc
1614 3053 1676 3081 dic.
1702 3053 1731 3081 b.
1799 3052 1857 3091 21)
1887 3051 1975 3082 Ordo

144 3136 186 3139 --«
212 3121 356 3148 cateruas
382 3127 441 3147 om.
467 3116 504 3145 A.
555 3117 610 3155 23)
638 3116 746 3146 Iter-ab.
773 3120 944 3154 repetetur.
970 3124 1012 3144 ex
1036 3113 1124 3156 ΑγΟ.
1152 3113 1220 3143 rell.
1246 3122 1306 3141 om.
1356 3111 1413 3149 24)
1441 3110 1486 3140 Ut
1511 3108 1654 3147 11erg.A.
1682 3112 1715 3138 ut
1742 3108 1825 3147 uirg.
1856 3118 1879 3137 r.
1907 3108 1977 3138 rell·

144 3175 187 3206 sic
210 3176 292 3213 uirg.
320 3174 391 3203 Loc.
419 3173 511 3212 Vei-g.
539 3183 598 3203 om.
624 3174 678 3215 ·(R.
709 3192 735 3194 -ν
774 3173 833 3203 Ast
862 3192 866 3193 ν
896 3192 899 3193 ⁷
926 3173 1039 3210 regina
1066 3180 1125 3201 om.
1151 3170 1188 3198 A.
