2283 3535
269 985 309 1016 lO

337 186 421 227 538
971 193 1076 226 Aen.
1102 192 1162 224 ET
1187 191 1355 225 PORPH.
1381 190 1530 224 COMM.

447 319 512 359 64.
543 319 662 359 nouis
701 327 744 359 ut
783 331 905 373 usque
941 323 1129 373 suppetas
1176 315 1391 356 laboribus.
1465 312 1563 355 Hoc
1594 320 1667 363 est,
1712 318 1757 353 ut
1797 311 2079 367 suppeditatis
2126 318 2167 353 et

333 391 454 446 quasi
483 390 736 431 ministretis
767 388 1036 431 eruciatibus.

447 465 511 505 73.
541 464 754 518 fastidiosa
785 465 908 505 tristis
938 463 1197 518 aeqrimonia.
1257 460 1383 502 Vitae
1414 459 1656 501 fastidiosae
1688 458 1860 508 scilieet,
1892 465 1930 499 et
1962 465 2057 499 sunt
2087 457 2162 498 ab-

332 537 452 578 latiui
483 551 603 578 casus
630 537 840 591 fastidiosa
871 536 1130 591 aeqrimonia.

448 611 513 651 74.
554 610 740 651 Vectabor
770 611 921 651 umeris
953 617 1047 650 tuno
1069 623 1137 662 eqo
1158 608 1328 648 inimicis
1350 621 1476 661 eques.
1538 605 1654 658 Quid
1686 612 1747 646 est
1777 607 1927 647 itineris
1957 605 2162 653 metabor,

333 683 415 725 nisi
445 684 551 725 forte
582 682 918 724 subaudiendum
955 680 1213 722 extrinsecus
1249 681 1493 721 iactantibus
1534 687 1605 720 aut
1645 678 1747 733 quid
1782 678 1889 719 tale?
1951 676 2025 719 Sic
2056 677 2169 719 enim

333 758 490 799 iactare
520 770 687 798 umeros
719 755 863 805 solent,
909 754 982 809 qui
1013 753 1242 810 gloriantes
1272 753 1484 794 incedunt.
1559 750 1687 804 Quod
1718 752 1752 792 si
1783 751 1841 792 ita
1876 758 1950 802 est,
1996 752 2167 793 inimicis

334 845 449 887 eques
479 829 738 886 iungendum
771 828 862 878 erit,
907 834 953 869 ut
983 827 1018 869 si
1049 827 1225 869 diceret:
1272 826 1463 880 equitans
1501 839 1626 879 super
1663 824 1857 866 inimicos
1888 839 2015 866 meos.
2076 823 2167 865 Aut

333 903 539 959 numquid
567 905 717 944 umeris
747 904 897 944 inimici
954 900 1102 958 [Quod
1132 900 1167 942 si
1196 900 1254 941 ita
1285 906 1358 948 est,
1404 897 1595 953 inimicis]
1638 898 1828 939 uectabor
1858 897 2167 953 intellegamus,

336 976 453 1031 quasi
475 991 601 1032 super
621 975 890 1017 inimicorum
911 989 1098 1016 meorum
1120 988 1286 1015 umeros
1307 987 1392 1021 ero,
1424 986 1473 1013 ae
1495 971 1556 1012 sio
1576 971 1777 1013 uectabor
1798 978 1922 1026 atque
1944 970 2170 1026 equitabo?

450 1050 515 1091 75.
548 1050 657 1091 cedet
682 1050 926 1091 insolentiae.
985 1046 1109 1089 Nune
1140 1046 1260 1102 quasi
1291 1060 1426 1087 nouae
1458 1045 1670 1100 potentiae
1699 1044 2044 1100 intellegendum.

450 1125 516 1165 77.
549 1124 734 1165 curiosus
766 1131 800 1164 et
821 1122 919 1179 polo
950 1122 1130 1178 deripere
1161 1121 1311 1162 lunam.
1372 1116 1514 1160 Choro
1546 1118 1761 1160 stellarum
1793 1118 1965 1160 seilicet.

453 1273 483 1311 1)
510 1273 729 1310 suppediteris
755 1272 856 1302 MAR.
884 1272 1066 1310 suppedites
1092 1268 1306 1308 2,rva(G‘?)Q.
1333 1273 1471 1307 suppetas
1496 1268 1541 1298 fh.
1568 1269 1665 1298 Posui
1691 1268 1888 1306 suppediteris
1913 1278 1949 1298 eo
1984 1277 2080 1298 sensu
2111 1278 2172 1306 quo

337 1329 554 1367 Inseiptiones
581 1338 632 1366 ap.
658 1329 842 1358 Reinesium
866 1338 931 1358 nar.
958 1329 1031 1357 leet.
1052 1327 1108 1364 III,
1138 1329 1176 1356 10
1200 1330 1324 1355 mortem
1347 1324 1447 1354 omnia
1471 1324 1593 1354 calcare
1619 1329 1645 1354 et
1667 1324 1859 1363 suppeditare
1886 1326 1907 1354 i.
1935 1335 1960 1354 e.
1988 1325 2173 1355 conculcare

337 1386 481 1415 tradunt.
506 1385 599 1423 Vulg.
626 1386 798 1415 lectionem
822 1386 966 1415 minister
990 1385 1050 1413 eris
1076 1382 1255 1413 cruciatibus
1280 1381 1416 1411 mutauit
1431 1381 1606 1410 Ascensins
1632 1381 1664 1409 in
1689 1381 1832 1410 minister
1856 1381 1897 1410 sis
1921 1380 2115 1418 cruciatibus,
2142 1384 2172 1410 et

336 1441 405 1476 th
431 1442 533 1471 secuti
559 1445 643 1471 sunt.
674 1441 718 1470 At
737 1450 812 1470 uero
830 1442 950 1470 dicitur
975 1441 1105 1479 quidem
1129 1439 1264 1468 minister
1287 1447 1351 1467 sum
1377 1437 1594 1474 cupiditatum,
1622 1438 1783 1473 scelerum,
1810 1438 2010 1475 seditionum,
2038 1436 2173 1475 imperii,

336 1499 433 1536 regis,
460 1498 619 1535 libidinis,
645 1507 706 1527 non
726 1498 801 1527 item
819 1497 952 1526 minister
976 1501 1030 1526 ant
1047 1496 1135 1534 quasi
1149 1495 1284 1525 minister
1299 1503 1364 1523 sum
1380 1492 1571 1522 cruciatibus.
1602 1492 1812 1523 Scribendnm
1830 1498 1880 1524 est
1897 1493 2088 1523 ministrerz's
2104 1503 2174 1523 cru-

336 1554 462 1584 ciatibus
487 1554 655 1594 (ablatiu.)
681 1558 777 1592 atque
803 1554 1052 1590 adtendendum,
1078 1551 1170 1591 quasi
1192 1550 1392 1587 ministra-ts,
1417 1549 1500 1579 conf.
1531 1548 1595 1579 Cic.
1621 1550 1711 1579 Verr.
1737 1550 1793 1587 ΙΙΙ,
1820 1551 1881 1580 44:
1913 1550 2099 1580 ministretur
2116 1559 2174 1588 po-

338 1611 412 1641 culis
436 1610 584 1647 maoeimis,
624 1614 654 1640 et
678 1611 775 1649 Vei-g.
801 1610 841 1639 A.
867 1609 922 1643 VI,
950 1610 1024 1639 302.
1050 1608 1089 1646 X,
1118 1609 1200 1637 217:
1228 1608 1357 1636 Aeneas
1382 1605 1502 1646 (neque
1529 1607 1613 1636 enim
1639 1607 1789 1636 membris
1824 1607 1881 1637 dat
1911 1616 1985 1636 eura
2018 1607 2175 1646 quietem)

337 1667 410 1706 Ipse
436 1668 552 1697 sedens
577 1667 766 1705 clavumque
792 1667 880 1704 regit
903 1666 1051 1704 uelisque
1075 1666 1251 1703 ministrat,
1278 1664 1331 1693 ubi
1350 1664 1414 1693 alia
1431 1667 1480 1693 est
1499 1664 1694 1702 significatio
1714 1667 1745 1693 et
1764 1665 1972 1694 constructio.
2021 1665 2056 1703 3)
2081 1664 2176 1694 fasti-

339 1725 427 1754 diose
451 1724 486 1754 M
510 1728 595 1754 teste
620 1723 647 1759 Q
672 1724 692 1753 l.
719 1724 739 1753 l.
767 1723 955 1753 fastidiosae
979 1731 1088 1753 omnes
1114 1723 1188 1752 libri
1214 1725 1343 1760 praeter
1380 1719 1408 1755 Q
1446 1720 1499 1758 qui
1538 1720 1668 1750 induxit
1704 1720 1794 1750 Vitae
1829 1721 2009 1758 fastidiosa,
2047 1725 2176 1760 propter

338 1780 459 1815 scilicet,
485 1784 521 1810 ut
547 1780 674 1818 opinor3
708 1779 872 1817 fastidiosa
897 1779 1083 1819 aegrimonia
1107 1779 1196 1808 nullo
1222 1779 1314 1808 modo
1341 1781 1387 1807 est
1412 1777 1606 1814 aegrimonia
1625 1776 1797 1815 fastidiosa
1826 1777 1904 1807 uitae
1937 1779 1994 1808 sed
2027 1778 2061 1808 id
2093 1777 2176 1816 quod

338 1837 421 1866 Plin.
446 1836 482 1865 E.
507 1836 562 1871 VI,
591 1837 608 1865 7
635 1836 710 1866 dicit
733 1846 782 1866 res
806 1835 946 1875 dfffioilis,
974 1836 1083 1872 ardua,
1118 1834 1289 1871 fastidiosa,
1316 1838 1351 1863 ut¹
1378 1834 1504 1863 labores
1530 1833 1668 1870 Tantali,
1694 1834 1877 1864 Promethei
1908 1839 1938 1864 et
1963 1834 2107 1875 Sisyphi.
2140 1834 2176 1864 In

339 1897 440 1923 antec.
466 1894 615 1922 uersibus
643 1894 682 1922 62
711 1897 742 1922 et
769 1894 808 1923 65
835 1892 977 1922 tardiora
990 1892 1067 1932 sata
1090 1892 1166 1921 uotis
1192 1897 1223 1922 et
1246 1900 1337 1920 nouos
1361 1900 1452 1929 usque
1484 1890 1608 1920 labores
1634 1891 1772 1920 Canidia
1802 1892 1924 1921 minata
1957 1901 2040 1922 nunc
2072 1893 2176 1930 ipsam

340 1950 441 1979 uitam
467 1953 560 1979 uocat
584 1949 798 1986 fastidiosam,
832 1950 864 1978 id
897 1953 958 1985 est,
989 1949 1223 1987 aegrimoniam
1256 1944 1552 1989 ίδυσοιρεσ·,’.ο[.).έντ,ν,
1586 1952 1621 1976 ut
1652 1957 1670 1989 γ
1701 1948 1741 1976 ad
1773 1947 1849 1977 Acr.
1883 1949 1936 1986 ait,
1964 1950 2056 1987 ‘quae
2084 1948 2176 1978 uitam

340 2006 489 2036 fastidiat
514 2010 554 2035 tot
575 2005 731 2045 suppliciis
756 2006 907 2044 deditam,'
935 2006 993 2035 hoc
1019 2010 1078 2041 est,
1106 2003 1292 2043 quaefastu
1317 2002 1444 2042 quodam
1468 2004 1564 2032 talem
1591 2005 1711 2041 spernit
1737 2005 1850 2034 uitam.
1878 2004 2044 2035 Differunt
2070 2010 2176 2035 autem

329 2062 494 2102 fastidium
519 2072 555 2092 ac
579 2062 702 2093 satietas
726 2066 752 2092 et
777 2062 905 2092 taedium
942 2061 1095 2100 (Quintil.
1122 2061 1176 2098 IX,
1204 2061 1252 2099 4),
1280 2064 1311 2089 et
1337 2059 1463 2089 Gellius
1488 2060 1558 2097 VII,
1587 2062 1639 2097 18,
1665 2070 1728 2090 non
1753 2059 1920 2099 fastidium
1955 2062 2011 2091 sed
2048 2061 2177 2092 taedium

340 2119 418 2149 uitae
443 2120 541 2149 dixit.
605 2120 641 2159 4)
666 2119 840 2149 acrimonia
873 2120 902 2148 2.
928 2119 999 2148 rell.
1026 2118 1227 2158 aeyrimonia.
1259 2117 1385 2154 Mirum,
1420 2118 1452 2147 in
1485 2127 1569 2146 omn.
1603 2117 1692 2147 libris
1725 2118 1785 2147 hoc
1816 2119 1916 2148 schol.
1948 2122 2073 2157 postpo.
2107 2127 2176 2149 esse

342 2177 496 2215 sequenti.
561 2176 596 2214 5)
623 2176 656 2205 M
680 2177 713 2205 in
738 2176 843 2206 lemm.
869 2175 1019 2211 humeris,
1053 2176 1085 2203 in
1111 2175 1210 2204 schol.
1246 2173 1308 2209 Qui
1335 2177 1384 2202 est
1416 2174 1531 2203 umeris
1557 2191 1599 2194 —
1624 2174 1742 2204 iactare
1774 2174 1916 2204 humeros
1950 2192 1989 2196 —
2021 2175 2176 2214 numquid

339 2233 475 2263 humeris
495 2251 536 2253 -Α-
555 2242 647 2270 super
672 2233 820 2263 inimicos
847 2242 934 2262 meos
959 2241 1092 2261 umeros.
1120 2240 1200 2260 recc.
1228 2231 1301 2259 libri
1329 2234 1518 2259 constanter
1544 2230 1674 2259 humeris
1702 2235 1734 2260 et,
1758 2231 1916 2261 humeros.
1968 2231 2002 2270 7)
2031 2232 2177 2262 inimicus

341 2290 375 2318 M
400 2289 551 2328 (Halm).
602 2290 636 2328 8)
664 2289 752 2327 equis
775 2289 877 2326 MR‚1-.
901 2292 943 2317 est
966 2288 1021 2329 R-s.
1047 2288 1116 2317 rell.
1143 2287 1208 2316 erit.
1237 2304 1276 2307 ψ
1307 2285 1447 2324 equitabo
1472 2286 1537 2315 afh.
1566 2288 1708 2325 equitans
1733 2286 1983 2327 MR2(G‘?Q)‚rv
2009 2287 2175 2327 (equitas).

342 2364 384 2367 -—
419 2346 568 2375 Delenda
593 2350 666 2375 sunt
691 2346 788 2374 uerba
813 2346 939 2375 inclusa
964 2344 1057 2380 Quod
1096 2361 1136 2364 -—
1172 2342 1310 2379 inimicis,
1339 2352 1379 2371 ex
1406 2344 1629 2380 superioribus
1656 2344 1782 2373 iterata.
1809 2344 1893 2374 conf.
1920 2354 1946 2386 γ,
1979 2346 2032 2383 qui
2058 2345 2175 2375 habet:

342 2404 497 2442 numquid
514 2403 655 2432 humeris
673 2403 798 2432 inimici
812 2403 965 2432 uectabor
981 2402 1204 2439 intellegemus
1229 2400 1307 2439 quod
1332 2408 1426 2437 super
1452 2404 1510 2428 etc.
1537 2400 1617 2429 Inde
1642 2401 1742 2438 petini
1769 2400 1893 2430 inimici
1917 2401 1989 2431 ideo
2016 2402 2101 2440 quod
2118 2410 2176 2430 ex-

342 2460 530 2498 plicationis
556 2459 688 2488 uerbum
715 2460 768 2496 sit,
793 2469 852 2489 non
878 2459 1005 2488 Horatii
1032 2457 1138 2495 (unlg.
1165 2457 1260 2486 lectio
1285 2457 1356 2485 libr.
1384 2456 1499 2493 Porph.
1526 2456 1689 2496 inimicis).
1730 2456 1814 2492 Quid
1851 2458 1875 2486 si
1902 2458 1946 2487 ita
1984 2463 2031 2488 est
2069 2459 2174 2488 rvafh.

343 2517 378 2555 9)
405 2517 574 2553 ilectabor3
602 2519 752 2545 nectemus
779 2516 1004 2553 intellegamus
1030 2515 1073 2543 M.
1100 2515 1253 2544 uectabor
1278 2517 1421 2542 nectemus
1447 2512 1665 2552 intellissainns
1692 2524 1716 2543 r.
1745 2515 1908 2545 nectabor.
1934 2515 2101 2545 Vectamus
2125 2515 2176 2545 in-

340 2572 512 2612 telle‘qimus
538 2572 574 2601 R.
602 2573 670 2601 rell.
697 2582 756 2601 om.
782 2575 938 2601 nectemus.
966 2565 1179 2611 intelliyemus'
1198 2571 1226 2599 2.
1255 2570 1476 2608 intelleyemns
1503 2567 1623 2608 (G·?)Q.
1650 2570 1867 2610 intellz'yamus
1895 2571 1984 2601 vafh.
2020 2572 2175 2602 Futurum

343 2639 384 2659 ex
403 2630 574 2659 iteratione
592 2629 762 2658 uerborum
784 2628 869 2661 Quod
891 2629 918 2657 si
932 2628 975 2657 ita
999 2632 1040 2657 est
1063 2631 1159 2666 atque
1185 2637 1224 2656 ex
1252 2626 1398 2664 praeced.
1426 2625 1483 2654 erit
1506 2629 1611 2655 ortum
1637 2630 1696 2655 est.
1749 2627 1804 2666 10)
1829 2637 1866 2657 ac
1884 2636 1932 2666 eq.
1951 2628 2010 2657 R2.
2032 2628 2176 2658 inimicos

343 2694 426 2714 meos
443 2685 486 2722 M,
512 2686 649 2714 testibus
668 2684 775 2713 Halm.
802 2688 833 2714 et
859 2684 905 2720 (23
932 2683 1170 2713 adtendendum
1196 2686 1310 2719 antem,
1338 2683 1370 2711 in
1397 2683 1456 2711 hoc
1482 2682 1564 2712 libro
1589 2682 1753 2713 Saxonico
1779 2684 1905 2721 saepius
1930 2685 2040 2714 literas
2066 2694 2081 2714 r
2105 2687 2137 2714 et
2162 2692 2175 2713 S

344 2742 508 2779 confundi,
534 2746 571 2772 ut
589 2743 649 2772 iam
668 2743 777 2772 monni
798 2743 831 2770 in
850 2742 1068 2779 descriptione
1086 2751 1115 2779 p.
1138 2741 1175 2770 15
1196 2741 1244 2769 ed.
1264 2740 1352 2778 Lips.
1370 2757 1409 2760 —
1427 2740 1536 2777 glossa
1561 2741 1592 2769 in
1617 2749 1649 2781 γ;
1685 2740 1835 2770 Vectabor.
1855 2734 2013 2770 insultabo.
2033 2739 2115 2771 conf.
2134 2739 2174 2771 C:

344 2816 385 2819 ——
412 2817 449 2819 m
479 2808 534 2828 sou
559 2798 673 2828 uictrix
698 2797 844 2827 insultabo
871 2799 900 2827 in
928 2801 957 2827 tc
984 2798 1062 2827 mihi
1090 2798 1264 2826 inimicum.
1292 2797 1359 2839 1330:
1411 2796 1558 2825 I'ectabor.
1586 2797 1744 2834 portabor.
1772 2796 1917 2826 Alterum
1951 2797 2049 2827 schol.
2084 2797 2117 2826 in
2146 2805 2173 2839 γε

343 2855 453 2884 inimic.
479 2864 574 2893 eques.
604 2854 685 2885 Cum
712 2864 901 2892 superauero
927 2855 1109 2892 snperbiam
1137 2854 1335 2883 inimicorum
1362 2862 1502 2882 meorum
1527 2858 1604 2882 tnnc
1631 2852 1757 2883 nectabo
1782 2857 1808 2882 et
1832 2854 1992 2891 equitabo.
2031 2854 2102 2883 Non
2126 2861 2175 2882 re-

345 2913 412 2950 cepi
440 2916 595 2941 uer-tamus
621 2913 705 2941 siue:
733 2916 799 2941 tunc
823 2915 968 2941 nectemus
992 2921 1089 2949 (quos.
1144 2912 1197 2949 13)
1223 2911 1363 2947 deripere
1382 2920 1466 2939 omn.
1487 2910 1557 2938 libri
1579 2910 1704 2947 Porph..
1732 2914 1765 2938 nt
1780 2909 1810 2938 K
1826 2909 1914 2938 Harl.
1933 2909 2025 2938 Barc.
2045 2903 2174 2947 aliique.

343 2968 479 3006 diripere
505 2978 580 3006 pure
605 2968 713 2997 Aer.
741 2968 835 2997 Bern.
862 2968 889 2997 A
917 2968 1002 2996 Pnrr.
1028 2968 1145 3010 γΒφΙΙΙ
1173 2967 1274 2995 Lond.
1302 2967 1411 3003 fragm.
1445 2977 1462 2994 x
1504 2966 1591 2994 Harl.
1620 2967 1705 2995 2724
1732 2964 1831 3002 (saec.
1858 2965 1950 3003 XIII)
1990 2969 2074 2995 teste
2110 2965 2173 2994 Ba—

343 3024 486 3064 binytone.
513 3026 546 3053 in
574 3025 658 3054 Parr.
685 3025 743 3053 ED
771 3025 908 3062 diripere
934 3034 1017 3053 man.
1043 3034 1099 3053 see.
1128 3025 1137 3053 i
1163 3028 1240 3053 mut.
1268 3024 1300 3052 in
1327 3032 1350 3051 e.
1379 3022 1430 3064 1530
1457 3023 1578 3051 hahent
1611 3022 1655 3059 gl.
1690 3021 1863 3051 detrahere.
1898 3021 1932 3049 M
1962 3022 1993 3050 in
2025 3022 2173 3051 lemmate

343 3090 400 3120 pro
426 3081 512 3119 uulg.
539 3081 677 3110 lectione
703 3083 847 3111 omnium
873 3081 1027 3110 librorum
1051 3084 1078 3109 et
1096 3080 1167 3118 polo
1186 3080 1287 3109 habet
1313 3088 1467 3116 nusquam
1494 3079 1571 3107 alibi
1597 3078 1723 3107 obuiam
1741 3081 1768 3106 et
1792 3086 1872 3114 cor0,
1900 3087 1940 3106 ex
1959 3078 2069 3115 glossa
2086 3076 2175 3107 clioro

351 3142 386 3167 st.
413 3146 452 3167 sc.
480 3138 615 3175 petitam
642 3137 685 3174 (Q
713 3139 798 3175 ncgl.
826 3147 855 3175 p.
883 3137 1025 3176 XXXV)⁴
1055 3137 1137 3165 Vide
1162 3145 1255 3173 snpra
1282 3136 1321 3164 :1⁴1
1348 3134 1421 3163 A‹·1·.
1451 3136 1521 3163 lin-l.
1549 3144 1615 3162 nar.
1641 3133 1681 3162 al.
1708 3133 1808 3162 choro.
1837 3133 2001 3163 stellarum
2027 3134 2122 3163 choro
2145 3142 2172 3174 γ.

346 3193 471 3223 scilicet
496 3204 558 3223 om.
585 3193 639 3234 ⁴1R.

2254 3322 2263 3535 ι
