2283 3535
834 207 878 236 IN
909 206 1041 236 EPOI).
1070 206 1131 236 111.
1810 195 1889 233 457

72 329 370 371 maleficiorum
391 329 543 371 herbas
566 329 663 370 allio
685 335 931 383 perunctum
953 334 1093 368 tauros
1115 327 1257 381 ignem
1279 326 1485 381 spirantes
1506 326 1678 368 naribus
1708 325 1892 368 iunxisse

74 402 295 458 signifieat.

189 477 252 517 13.
284 475 368 516 hoc.
402 475 475 516 del.
507 489 546 516 u.
574 475 768 530 pellicem.
844 471 1036 514 Glaucen
1067 472 1173 512 dixit
1205 469 1400 512 Creontis
1431 472 1543 526 regis
1583 472 1722 523 filiam,
1754 487 1893 527 quam,

73 549 171 589 dum
204 562 396 589 reuersus
426 562 450 587 a
482 545 652 588 Colchis
683 545 816 588 Jason
848 546 1045 587 uoluisset
1077 545 1268 600 accipere
1300 558 1485 594 uxorem,
1518 554 1689 599 propter
1710 559 1894 585 amorem

72 621 257 671 Jasonis‚
290 621 444 661 Medea
475 620 692 675 repudiata
725 619 874 676 [uicta]
907 619 1050 659 dolore
1083 618 1291 672 (‹lolosa?)
1324 617 1532 659 oblatione
1565 632 1742 658 coronae
1763 617 1892 657 male-

75 695 152 735 fica
184 703 270 735 arte
303 694 571 748 compositae,
609 693 793 734 incendit
826 703 863 734 et
895 692 1043 733 occisis
1080 691 1175 732 filiis
1214 690 1343 731 Medo
1383 699 1419 730 et
1457 689 1670 730 Mei-mero
1707 689 1893 730 dolorem

73 784 190 810 suum
221 768 303 808 ulta
334 766 517 821 pinnatis
549 765 801 807 draconibus
832 775 951 806 uecta
982 765 1089 820 fugit
1119 773 1157 805 et
1188 764 1386 805 Medeam
1420 763 1630 804 constituit
1669 763 1892 803 ciuitatem.

187 842 249 881 15.
283 855 352 880 nec
383 848 517 881 tantus
549 854 652 894 umq.
686 840 760 879 sid.
792 839 934 879 insedit
963 852 1057 893 vap.
1117 837 1212 878 Non
1244 844 1356 877 tanto
1388 837 1536 878 ardore
1560 835 1764 892 (calm-01³)
1797 836 1894 877 solis

73 913 221 954 siccari
253 911 455 967 Apuliam
487 912 601 961 dicit,
634 919 788 966 quanto
821 911 970 952 ardore
1001 910 1088 950 allii
1119 910 1408 951 conledcntuln
1446 910 1607 951 uiscera
1630 917 1895 963 perui-untur.

188 988 250 1026 17.
282 1001 353 1027 nec
384 1001 432 1026 m.
464 986 557 1026 luem
590 988 650 1041 effi
686 986 734 1025 ΙΙ.
793 983 951 1025 Nessus
982 991 1202 1025 centaurus
1237 983 1479 1024 uulneratus
1516 982 1568 1023 ab
1600 982 1799 1030 Hercule,
1845 996 1893 1022 eo

74 1059 184 1113 quod
218 1058 467 1099 Deianiram
497 1073 669 1099 uxorem
702 1058 789 1098 cius
828 1071 976 1112 rapere
1021 1056 1232 1106 uoluisset,
1278 1056 1375 1096 dum
1424 1070 1514 1096 eam
1560 1062 1795 1109 susceptam
1841 1055 1894 1095 ab

76 1131 261 1173 Hercule
293 1131 487 1172 Euenum
518 1131 690 1172 fluuium
721 1130 927 1180 traiceret,
960 1137 1002 1171 ut
1033 1144 1076 1171 se
1108 1129 1158 1170 de
1181 1144 1229 1170 eo
1250 1129 1533 1178 ulcisceretur,
1565 1129 1700 1168 lanam
1723 1128 1893 1168 tinctam

72 1205 276 1261 sanguine
307 1220 380 1246 suo
411 1203 642 1245 Deianirae
674 1204 800 1253 dedit,
833 1203 977 1244 dicens
1007 1217 1097 1243 eam
1140 1202 1238 1243 satis
1276 1201 1328 1243 ab
1360 1201 1545 1243 Hercule
1576 1201 1812 1250 amandam,
1860 1200 1893 1241 si

72 1293 122 1320 ex
153 1285 326 1333 accepta
356 1277 452 1318 lana
483 1278 715 1318 confectum
747 1277 1040 1318 uestimentum
1072 1275 1248 1316 Herculi
1280 1275 1474 1315 dedisset.
1554 1273 1649 1315 Hoc
1690 1273 1761 1313 illa
1802 1288 1894 1313 mu-

72 1352 193 1392 liebri
224 1351 422 1392 facilitate
454 1350 648 1391 seruauit.
710 1348 892 1401 Quando
933 1355 1071 1390 autem
1104 1348 1264 1404 [amore
1308 1347 1445 1403 Joles]
1493 1347 1629 1388 minus
1675 1361 1717 1387 se
1763 1346 1894 1386 amari

73 1424 268 1480 cognouit
300 1424 351 1465 ab
384 1423 581 1472 Hercule,
613 1423 787 1477 pallium
817 1423 972 1463 factum
1004 1421 1054 1471 ei,
1094 1430 1139 1462 ut
1168 1421 1424 1470 indueretur,
1471 1420 1598 1461 dedit.
1659 1418 1755 1471 Quo
1786 1426 1895 1460 tacto

71 1497 279 1539 Hercules
310 1504 424 1538 tanto
455 1496 604 1537 ardore
637 1502 852 1551 correptus
884 1503 957 1545 est,
990 1502 1032 1536 ut
1064 1509 1106 1536 se
1138 1494 1229 1549 ipse
1258 1494 1438 1535 laniaret
1467 1508 1544 1535 nee
1575 1493 1770 1534 ardorem
1801 1492 1895 1533 uin-

189 1675 219 1714 1)
251 1674 367 1704 Tauris.
393 1679 501 1704 tauros
522 1692 558 1694 —
581 1673 746 1711 significat
772 1674 800 1702 2.
827 1674 958 1702 naribus
985 1682 1044 1702 om.
1072 1672 1110 1701 A.
1136 1672 1270 1701 unxisse
1294 1671 1330 1701 R.
1380 1672 1414 1711 3)
1441 1672 1575 1709 glaucen
1600 1671 1629 1700 A
1655 1671 1706 1707 21,
1733 1671 1764 1700 in
1791 1680 1851 1708 quo
1878 1671 1896 1699 2

73 1741 114 1761 m.
139 1741 217 1761 corr.
247 1730 395 1760 Creusam.
422 1731 460 1760 de
485 1731 534 1760 his
560 1739 675 1759 nomm.
701 1730 776 1758 vide
801 1730 936 1758 Palmer.
956 1730 1115 1758 Exercitt.
1143 1739 1172 1766 p.
1200 1730 1274 1758 370.
1300 1729 1369 1758 rell.
1397 1729 1538 1766 glaucem
1564 1727 1722 1768 (ce-fxv).
1751 1745 1789 1748 —
1817 1727 1897 1757 dicit

73 1789 110 1818 R.
136 1789 220 1827 regis
251 1798 309 1817 om.
342 1797 442 1817 nivea.
475 1787 631 1817 chreontis
655 1796 682 1828 γ.
742 1787 777 1825 4)
804 1795 984 1816 reuersurus
1015 1786 1061 1815 fh.
1095 1785 1235 1825 refectus
1261 1795 1284 1814 r.
1309 1785 1448 1814 cholchis
1473 1785 1576 1821 A,1nv.
1610 1785 1668 1813 ias.
1693 1794 1712 1813 a
1737 1784 1838 1813 coleh.
1866 1784 1896 1813 2.

72 1845 226 1875 noluisset
252 1855 275 1873 r.
325 1862 366 1865 —
414 1848 518 1881 propt.
545 1852 606 1872 am.
632 1843 698 1872 Jas.
726 1853 786 1872 om.
814 1844 843 1872 2.
905 1842 939 1880 5)
965 1843 1054 1871 uicta
1079 1852 1139 1871 om.
1166 1841 1358 1878 Alzleuflv.
1384 1841 1520 1870 dolorem
1545 1840 1735 1869 dissimulans
1760 1850 1824 1869 eam
1848 1849 1898 1869 eo-

73 1911 148 1931 romz
173 1902 246 1930 mal.
273 1911 318 1930 ar.
346 1901 517 1938 composita
541 1910 565 1928 r.
592 1899 700 1929 dolore
732 1899 875 1928 obliuione
910 1900 937 1927 1.
965 1899 1072 1928 dolore
1105 1899 1293 1928 obliuionem
1325 1907 1385 1928 mv.
1420 1897 1490 1926 rell.
1523 1897 1630 1926 dolore
1655 1895 1809 1925 oblatione.
1841 1905 1898 1933 pro

73 1957 182 1994 dolore,
209 1958 292 1996 quod
319 1967 358 1987 ex
384 1956 469 1986 infra
493 1965 543 1993 po.
573 1957 674 1985 altero
702 1955 833 1984 dolorem
857 1958 962 1984 ortum
986 1958 1073 1992 puto,
1100 1955 1203 1983 scribe
1227 1953 1339 1982 dolosa.
1389 1954 1424 1991 G)
1451 1953 1570 1982 incedit
1596 1953 1664 1989 R‚v.
1714 1969 1757 1972 —
1803 1952 1897 1981 medo

73 2018 103 2043 et
128 2013 265 2042 mer-ineo
291 2013 327 2042 R.
355 2014 435 2042 med.
463 2017 492 2042 et
518 2012 655 2041 menerz'o
680 2022 704 2041 r.
731 2011 814 2041 med.
841 2015 872 2040 et
898 2010 1064 2039 merinerio
1092 2012 1120 2039 ⁶2.
1154 2011 1236 2039 med.
1264 2014 1294 2040 et
1320 2009 1478 2038 merinero
1510 2008 1651 2038 mvcafh.
1679 2017 1833 2038 mermero
1857 2007 1896 2037 A.

73 2069 206 2099 Medeae
233 2070 292 2098 filii
321 2071 529 2099 11‹1›minantur
559 2069 731 2097 Mermeros
764 2072 794 2096 et
826 2067 938 2096 Pheres
970 2077 987 2095 a
1020 2067 1156 2096 Pausan.
1186 2066 1226 2103 ΙΙ,
1254 2067 1282 2095 3.
1322 2066 1471 2103 Apollod.
1503 2064 1527 2102 I,
1562 2066 1592 2101 9,
1626 2065 1678 2094 28.
1714 2064 1826 2094 Merm.
1865 2068 1895 2093 et

73 2125 216 2155 Plzeretos
247 2136 263 2155 a
296 2126 401 2155 Sehol.
436 2126 511 2155 Eur.
544 2126 628 2155 Med.
666 2126 738 2154 117.
770 2124 890 2162 Hygin.
919 2124 1072 2152 25—27.
1105 2123 1278 2159 Thessalos,
1310 2122 1474 2151 Alcae'menes
1500 2125 1531 2150 et
1562 2120 1724 2150 Tiscmdros
1756 2130 1774 2149 a
1798 2120 1895 2149 Diod.

73 2181 126 2219 IV,
147 2183 198 2211 45.
218 2183 270 2211 54.
299 2182 412 2217 illeclosr,
439 2186 523 2211 teste
549 2182 721 2217 Pausania,
756 2190 774 2209 a
799 2180 1010 2219 Cynaethone
1036 2179 1171 2210 Lacone.
1237 2180 1271 2218 7)
1296 2180 1385 2217 pinn.
1411 2178 1448 2207 A.
1476 2179 1544 2207 rell.
1571 2188 1661 2216 penn.
1688 2187 1782 2215 penn.
1811 2178 1896 2207 drae.

76 2238 140 2275 fug.
174 2241 265 2267 uecta
296 2248 397 2268 invac.
430 2247 525 2276 penu.
558 2239 641 2267 drac.
674 2246 721 2266 ue.
755 2236 839 2274 fugit
873 2237 961 2266 AR2.
995 2246 1091 2274 penn.
1125 2240 1218 2265 uecta
1244 2236 1289 2264 dr.
1323 2235 1409 2272 fugit
1434 2234 1511 2269 th.
1569 2235 1602 2273 8)
1629 2244 1692 2263 non
1728 2235 1773 2263 tri]
1812 2233 1899 2263 calos·

77 2294 210 2332 (tantum
242 2294 361 2333 calore)
395 2295 470 2323 solis
502 2294 645 2323 siccantis
676 2303 747 2332 app.
781 2303 805 2322 r.
838 2303 933 2331 vapor
965 2293 985 2322 i.
1011 2293 1098 2322 calor
1128 2293 1189 2335 sz.
1215 2292 1303 2321 ualor
1336 2296 1386 2320 est
1416 2300 1442 2332 γ.
1469 2294 1578 2319 aestus
1604 2290 1711 2319 Ambr.
1739 2291 1897 2328 appuliam

76 2360 160 2380 rvca.
195 2351 238 2380 di.
272 2351 345 2380 sice.
379 2351 464 2388 apul.
493 2351 528 2379 2:
580 2352 613 2389 9)
641 2354 790 2388 quantum
814 2360 839 2379 r.
866 2349 1012 2379 Alterum
1045 2349 1156 2378 ardore
1188 2350 1219 2378 in
1254 2358 1337 2378 omn.
1372 2348 1473 2377 libris.
1509 2348 1565 2376 alii
1596 2345 1666 2376 AG.
1693 2347 1762 2376 allii
1787 2347 1898 2384 R12‚r.

76 2407 170 2437 alium
201 2407 294 2442 va.
326 2408 436 2437 allium
468 2407 550 2437 eafh.
582 2407 798 2436 comedentmn
827 2406 954 2444 A2G7v.
984 2407 1051 2436 rell.
1085 2404 1329 2435 comedentium.
1370 2422 1410 2425 ν-
1451 2407 1641 2441 perurwztm·
1669 2403 1897 2440 AR1‘2G,1·111v.

76 2464 144 2493 rell.
174 2464 301 2502 perurit.
354 2462 410 2501 11)
436 2467 582 2501 stuprare
600 2465 630 2493 2.
684 2463 738 2502 12)
765 2463 879 2492 flumen
905 2462 941 2491 R.
973 2462 1138 2492 traiecerat
1162 2472 1187 2491 r.
1257 2460 1312 2499 13)
1343 2461 1423 2489 satis
1452 2460 1491 2489 ab
1523 2460 1606 2488 here.
1641 2459 1730 2494 A2‚r.
1761 2460 1830 2489 rell.
1858 2460 1897 2488 ab

75 2520 169 2549 Herc?
188 2521 280 2552 satis.
333 2521 388 2558 1⁴1)
414 2507 490 2548 haee
509 2520 538 2548 2.
590 2520 644 2557 15)
664 2523 770 2548 autem
789 2529 849 2548 om.
868 2519 983 2548 A12G.
1002 2529 1108 2548 amore
1125 2519 1183 2548 ilae
1201 2517 1278 2556 (sie)
1298 2516 1334 2545 A.
1353 2517 1443 2554 lege:
1470 2521 1572 2545 autem
1593 2516 1679 2553 (afit)
1705 2525 1756 2544 ore
1773 2515 1860 2544 solae
1877 2516 1898 2544 i.

76 2585 102 2605 e.
128 2585 184 2614 pei·
210 2577 309 2614 ipsam
335 2576 440 2606 Jolam
467 2577 627 2613 cognouit.
654 2585 760 2605 amore
785 2575 874 2605 Joles
900 2585 961 2605 om.
987 2574 1229 2612 R12G7rveafh.
1257 2574 1356 2602 amari
1382 2582 1415 2601 se
1440 2573 1544 2601 minus
1572 2573 1629 2609 2‚r.
1661 2580 1694 2600 se
1727 2581 1787 2600 am.
1817 2572 1896 2600 min.

75 2631 254 2669 R‚vez‚2th.
284 2632 390 2661 minus
423 2641 456 2660 se
487 2641 547 2661 am.
573 2631 611 2660 Α.
680 2631 735 2670 16)
761 2641 898 2669 pannum
926 2632 955 2660 2.
983 2640 1075 2669 quam
1107 2630 1237 2659 tunicam
1269 2630 1376 2676 induit
1410 2630 1438 2658 ei
1470 2629 1615 2657 (leianira
1647 2637 1730 2657 uxor
1756 2637 1812 2656 sua
1835 2627 1897 2670 Βφ.

76 2688 157 2717 conf.
175 2697 202 2729 γ.
230 2688 316 2726 (eum
341 2697 428 2717 max,
451 2693 540 2725 parte
564 2697 647 2716 varr.
674 2688 762 2718 lectt.
790 2697 831 2716 ex
847 2686 906 2725 C):
933 2687 1056 2716 Nessus
1075 2697 1101 2716 e.
1121 2696 1151 2715 u.
1177 2687 1216 2715 ab
1243 2687 1325 2715 herc.
1353 2686 1384 2714 in
1417 2689 1510 2722 raptu
1537 2685 1699 2713 deianirae
1726 2687 1756 2712 et
1782 2684 1897 2712 auidus

76 2745 253 2773 ulciscendi
285 2753 317 2772 se
348 2743 429 2782 (sui)
460 2745 594 2773 tinctam
627 2743 706 2781 (int.)
738 2744 842 2772 lanam
875 2744 1032 2780 sanguine
1065 2752 1120 2771 suo
1145 2752 1206 2780 qua
1238 2751 1271 2771 se
1297 2746 1461 2770 cruentum
1491 2741 1587 2770 tersit
1613 2740 1781 2778 (terserat)
1809 2740 1899 2769 dedit

77 2801 240 2829 deianirae
265 2800 379 2829 docens
405 2809 473 2829 eam
500 2799 566 2839 (se)
594 2800 632 2829 ab
658 2800 786 2828 hercule
817 2800 953 2828 nimium
980 2797 1216 2835 (uehementer)
1245 2806 1337 2835 posse
1364 2798 1458 2834 diligi
1489 2797 1515 2825 si
1546 2805 1587 2825 ex
1621 2805 1657 2825 ea
1682 2795 1829 2826 confecta
1853 2800 1899 2825 tu-

76 2855 147 2885 nica
173 2856 367 2894 (confectam
381 2854 537 2894 tunicam)
561 2856 686 2885 herculi
705 2856 796 2884 daret
822 2855 954 2884 induere
972 2853 1212 2892 (induendam).
1241 2853 1329 2888 Quae
1356 2852 1515 2891 (credula)
1542 2862 1612 2881 cum
1638 2856 1789 2890 precepta
1813 2853 1899 2881 nessi

77 2917 240 2941 seruasset
276 2911 449 2950 (seruaret)
477 2912 610 2940 herculi.
644 2911 822 2940 confectam
855 2911 973 2949 opt-ulit
1006 2911 1160 2939 tunicam.
1193 2911 1247 2947 qui
1283 2909 1375 2947 (Hic)
1407 2919 1484 2938 mox
1516 2913 1553 2937 ut
1585 2918 1653 2937 eam
1690 2909 1825 2938 indutus
1850 2912 1898 2937 est

76 2971 166 2998 tanto
191 2969 303 2998 ardore
328 2972 490 3006 correptus
517 2972 565 2997 est
594 2967 796 3006 (corripitur)
822 2972 859 2997 ut
885 2968 954 3005 ipse
979 2967 1040 2996 sibi
1067 2976 1141 2996 suos
1167 2969 1254 2995 artus
1281 2965 1455 2994 dilaniaret
1482 2969 1512 2993 et
1539 2965 1579 2994 ad
1603 2970 1797 3002 postremum
1824 2964 1899 3005 (ex-

77 3025 228 3063 tremum)
263 3025 370 3055 dolore
398 3026 505 3054 vietus
537 3034 618 3063 pyra
650 3028 834 3053 constructa
866 3024 898 3052 in
929 3026 1000 3052 oeta
1031 3026 1139 3052 monte
1171 3030 1240 3051 sese
1267 3022 1316 3060 (in
1350 3022 1458 3059 ignem
1484 3021 1674 3059 coniiceret)
1701 3022 1770 3059 igni
1797 3021 1898 3050 dedit.

79 3090 140 3118 quo
165 3085 316 3118 purgatus
342 3090 470 3119 corpore
496 3080 615 3109 dicitur
640 3080 674 3108 in
700 3089 830 3109 numero
856 3079 1048 3118 (numerum)
1068 3079 1198 3108 deorum
1216 3081 1372 3115 receptus.
1399 3079 1434 3107 b:
1462 3087 1566 3107 munus
1592 3079 1611 3107 i.
1638 3077 1776 3106 canticam.
1803 3087 1898 3115 quam

78 3136 175 3173 pelex
201 3137 267 3165 eius
292 3146 362 3166 eum
388 3138 493 3166 induit
519 3145 611 3166 nesso
637 3140 745 3174 nupta.
771 3136 889 3174 Porph.
915 3137 975 3165 hoc
1003 3135 1204 3164 uestimentum
1236 3143 1259 3164 s.
1290 3133 1416 3172 pallium
1441 3134 1578 3164 Acronis
1612 3134 1753 3172 appellat
1778 3138 1898 3163 uestem.

83 3191 137 3230 17)
165 3192 271 3221 dolore
299 3194 326 3221 1.
353 3210 394 3213 —-
420 3202 452 3222 se
478 3193 546 3230 ipse
571 3193 704 3222 laniaret
727 3191 874 3229 AR‘2‚1·Q.
901 3192 969 3221 rell.
996 3192 1064 3228 ipse
1088 3190 1271 3220 laniaretur.

1942 627 1959 656 ιἻ

1925 989 1961 1021 10
