2283 3535
788 196 835 227 IN
863 196 1004 229 CAuiL
1030 196 1249 234 n1,25.2a
1839 188 1918 228 359

101 320 351 375 significare,
383 333 465 359 non
498 318 686 359 sufficere
719 318 911 373 spiritum
943 333 1063 358 suum
1093 317 1287 358 laudibus
1318 317 1501 373 Augusti
1534 320 1622 359 siue
1653 318 1801 360 Liberi
1833 335 1916 359 uu-

100 393 235 441 mine;
267 407 364 432 nam
396 398 435 431 et
464 391 554 446 ipse
585 390 768 432 musicus
799 390 918 431 Deus
950 397 1021 431 est.

212 467 248 507 3.
281 467 318 505 4.
351 465 490 520 quibus
521 469 650 505 antris
684 479 713 504 e.
742 464 850 505 Caes.
884 479 920 503 α.
952 480 1009 504 (w.
1040 479 1089 504 m.
1122 465 1158 505 (Ι.
1190 472 1235 504 st.
1259 465 1281 504 ί.
1348 465 1504 513 Quibus
1541 464 1661 519 graui
1693 480 1793 506 sono
1825 480 1922 518 pro-

100 538 388 580 nuntiandum.
447 536 526 578 Est
546 537 743 592 (DeestP)
776 536 887 578 enim
906 537 1170 578 subiunctiua
1192 536 1397 592 particula
1420 552 1513 592 que:
1544 538 1781 591 praeposito
1812 539 1922 579 enim

101 627 197 668 quos
228 627 328 666 assor
359 613 397 652 in
428 626 581 666 specus,
615 610 830 651 subiunxit
860 612 1000 665 quibus
1031 612 1159 652 ‹mlre's
1191 612 1340 665 effre-qli
1362 611 1549 653 Caesaris
1573 611 1736 658 audiam
1769 611 1810 650 in
1843 626 1923 664 quo
1974 621 1990 647 ἵ)

102 694 141 727 et
174 685 410 739 ἐπεξήγησις
440 685 576 740 figura
607 684 859 733 adnotanda,
893 684 991 738 quia
1022 683 1227 738 praedicti
1258 699 1397 740 specus
1429 692 1547 725 antra
1579 691 1685 725 sunt.

216 761 253 801 5.
286 767 357 800 ael.
388 758 519 799 mede'l.
552 758 686 799 decus.
748 755 1122 799 Consecrationem
1153 757 1266 798 dicit.

214 834 251 874 8.
285 833 415 874 dicam
444 833 470 872 ί.
504 846 534 873 r.
565 832 696 873 (ullum
732 832 815 872 ind.
855 847 888 872 0.
926 847 962 872 (ι.
1022 830 1107 871 Per
1145 831 1248 872 haec
1285 830 1468 885 primum
1510 845 1552 872 se
1588 831 1722 886 lyrica
1756 837 1928 886 tangere

102 905 322 961 significat.

215 981 278 1020 10.
312 980 493 1021 Hebrum
520 993 583 1035 pr.
643 977 816 1019 Hebrus
847 984 907 1019 est
938 977 1147 1019 Thraciae
1177 977 1341 1018 fluuius.
1957 980 1994 1011 10

216 1055 281 1095 12.
313 1054 543 1110 Rhodopen.
604 1052 810 1107 Rhodope
841 1067 961 1094 mons
992 1051 1214 1092 Thraciae.

215 1138 258 1169 ut
289 1143 336 1169 m.
368 1128 496 1169 deuio.
566 1125 753 1168 Deuium
784 1132 845 1167 est,
874 1142 899 1166 a
927 1125 998 1166 uia
1028 1131 1234 1165 remotum
1265 1139 1313 1165 ae
1344 1137 1420 1178 per
1449 1123 1528 1165 hoe
1559 1124 1601 1164 in
1634 1124 1749 1165 siluis
1781 1138 1829 1165 ae
1861 1139 1928 1165 so-

102 1201 349 1242 litudinibus
380 1208 587 1257 agentem.
663 1199 863 1241 Diximus
894 1205 1045 1248 autem,
1086 1197 1190 1239 haec
1220 1197 1469 1253 allegoricos
1500 1197 1597 1247 dici,
1644 1198 1743 1252 quia
1774 1212 1849 1252 per
1881 1212 1930 1238 ea

104 1275 295 1331 intellegi
324 1275 427 1325 uult,
466 1290 508 1316 se
539 1274 784 1315 inusitatum
814 1272 1018 1314 Romanis
1049 1285 1219 1312 carmen
1249 1277 1441 1312 tractare.

217 1350 281 1390 16.
317 1349 352 1391 0
382 1349 586 1391 Naiadum
613 1363 652 1403 p.
685 1348 719 1388 b.
750 1362 790 1387 u.
816 1362 859 1402 p.
890 1363 939 1388 m.
969 1362 1008 1387 ru.
1040 1346 1239 1400 fraoeinos.
1299 1344 1403 1386 Vult
1433 1344 1621 1399 intellegi
1652 1350 1788 1386 tantas
1818 1344 1929 1385 uires
1960 1347 1995 1377 15

105 1421 347 1464 cultricibus
367 1421 517 1463 Liberi
547 1421 678 1476 patris
709 1419 908 1461 instinctu
937 1418 1121 1460 numinis
1153 1418 1241 1459 eius
1271 1433 1374 1469 esse,
1406 1425 1451 1459 ut
1480 1418 1606 1459 etiam
1637 1432 1834 1473 proceras
1866 1433 1933 1458 ar-

104 1496 227 1538 bores
258 1494 471 1536 radicibus
502 1494 665 1550 possint
693 1500 870 1534 uertere.

216 1570 283 1611 m'l.
314 1584 363 1610 m.
396 1570 419 1610 l.
481 1566 849 1610 subaudiendum:
889 1566 923 1608 si
962 1581 1029 1608 me
1068 1566 1112 1606 in
1143 1572 1234 1607 tuos
1265 1579 1416 1620 specus
1447 1579 1497 1607 ac
1527 1572 1687 1607 secreta
1716 1579 1935 1606 nemorum

105 1643 286 1685 duxeris.

219 1719 318 1773 cinq.
349 1732 389 1758 u.
422 1724 446 1758 t.
470 1732 512 1773 p.
586 1713 742 1758 Utrum
774 1713 855 1756 sibi
885 1720 1045 1755 tantum
1077 1727 1127 1754 ea
1157 1712 1398 1766 cingentem
1429 1727 1482 1753 an
1529 1725 1812 1767 quoscumque
1856 1726 1934 1752 nu-
1963 1715 2002 1744 20

104 1791 217 1833 mine
248 1805 321 1833 suo
353 1790 564 1846 complere
596 1789 822 1844 dignatur?

726 1941 1043 1998 CARMEN
1084 1941 1179 2009 ΠΙ,
1223 1943 1304 1994 26.

925 2051 1114 2096 ACRON.

228 2159 324 2200 rixi
344 2158 490 2214 puellis
519 2171 559 2198 η.
591 2158 616 2197 ί.
688 2155 786 2196 Hac
817 2154 895 2196 ode
925 2154 1063 2195 uideri
1093 2153 1184 2195 uult
1213 2153 1297 2195 iam
1328 2153 1566 2195 renuntiare
1604 2152 1862 2194 carminibus
1901 2158 1938 2192 et

1965 2083 2006 2113 25

110 2232 247 2287 lyram
280 2245 526 2274 consecrare
558 2237 598 2272 et
627 2244 768 2271 amare
801 2228 1004 2270 desinere.

223 2307 259 2347 1.
290 2306 467 2347 idoneus.
526 2303 747 2359 Voluptati
777 2302 1000 2345 sufficiens.

222 2381 259 2420 2.
292 2388 327 2421 et
357 2380 534 2421 militaui.
596 2375 865 2433 Allegoricos
894 2375 1088 2417 militiam
1119 2389 1231 2416 nunc
1262 2388 1447 2416 amorem
1478 2381 1612 2416 uocat.

221 2467 303 2494 non
334 2454 416 2494 sine
445 2453 498 2508 ql.
558 2450 654 2493 Non
685 2450 775 2492 sine
805 2449 1004 2506 opinione
1034 2447 1136 2490 boni
1167 2447 1382 2490 amatoris.
1967 2449 2008 2480 30

226 2636 259 2675 ⁴2)
287 2640 337 2666 est
361 2635 519 2665 adhibetur
542 2634 615 2664 MR.
676 2635 710 2673 4)
736 2634 798 2663 Est
824 2644 905 2664 omn.
939 2634 1024 2664 libri.
1073 2632 1154 2662 Cum
1185 2642 1239 2670 que
1271 2632 1431 2669 particula
1462 2641 1525 2661 non
1558 2632 1654 2667 adsit,
1689 2631 1862 2669 legendum
1896 2634 1941 2658 est

113 2693 209 2722 Deest.
235 2711 275 2713 —
301 2702 376 2731 quae
400 2691 575 2729 MR‘2G‚rv.
603 2700 661 2730 que
680 2690 717 2726 Q.
738 2690 810 2729 quia
834 2690 901 2719 afh.
928 2690 1112 2728 praeposito
1137 2689 1180 2718 M.
1201 2690 1369 2727 proposito
1382 2688 1417 2717 R.
1437 2689 1505 2717 rell.
1526 2688 1695 2726 proposuit
1710 2697 1734 2716 r.
1754 2687 1943 2726 praeposuit

114 2747 296 2785 2G7vath.
346 2749 380 2787 6)
409 2746 622 2791 ἔφηξηγησις
639 2748 681 2777 M.
707 2743 893 2790 ἓφεξηγισις
918 2757 965 2778 rv,
994 2746 1189 2783 effexegesis
1209 2746 1238 2777 2,
1272 2745 1421 2773 adnotata
1436 2743 1570 2781 MG,1·Q.
1597 2744 1779 2772 annotanda
1795 2743 1853 2772 RQ.
1873 2742 1942 2771 rell.

113 2805 301 2835 denotanda.
328 2824 370 2826 —
397 2806 473 2843 quia
496 2806 675 2843 praedictus
705 2814 750 2841 sp.
779 2804 915 2833 subiecit
940 2804 999 2833 hoc
1025 2806 1074 2832 est
1100 2803 1154 2840 qui
1181 2811 1294 2839 specus
1319 2801 1406 2829 intra
1430 2804 1505 2830 sunt
1529 2800 1572 2829 M.
1599 2801 1675 2837 quia
1698 2800 1846 2838 p'redietu
1873 2808 1943 2836 spe-

113 2871 166 2890 cus
191 2861 275 2891 intra
293 2862 432 2891 subiecit
449 2861 481 2890 R.
510 2862 584 2900 quia
610 2861 802 2898 praedictum
827 2870 873 2898 sp.
898 2860 984 2889 intra
1007 2863 1075 2889 suut
1099 2858 1137 2887 G.
1164 2858 1239 2896 quia
1263 2857 1462 2894 praedictum
1489 2865 1601 2894 specus
1626 2857 1727 2886 antra
1744 2859 1818 2885 sunt
1844 2856 1944 2893 ‘2‚rva·

114 2918 169 2955 qui
192 2918 351 2956 praedicti
375 2928 421 2956 sp.
440 2927 470 2949 a.
492 2922 567 2947 sunt,
593 2917 639 2946 fh.
666 2917 763 2946 Posui
790 2916 943 2954 praedicti
965 2920 1095 2954 propter
1108 2924 1179 2953 quos
1195 2924 1223 2943 a.
1243 2915 1264 2943 i.
1292 2923 1414 2951 specus
1464 2913 1499 2952 9)
1525 2913 1627 2952 siynat
1648 2913 1720 2943 edd.
1774 2913 1830 2951 10)
1856 2912 1945 2941 thra-

113 2974 172 3002 tiae
196 2974 230 3003 M
256 2974 351 3013 (bis).
376 2975 494 3012 rodope
518 2973 561 3002 M.
616 2973 668 3011 13)
694 2973 847 3002 Diximus
863 2971 1063 3008 MRAG‚1·va.
1091 2971 1178 3000 dixit
1203 2970 1251 3001 fh.
1280 2970 1357 2999 haec
1382 2979 1442 2999 om.
1467 2970 1513 2998 fh.
1576 2969 1631 3007 16)
1658 2969 1766 2998 ultrie.
1785 2966 1944 3003 MR2G‚v.

114 3030 238 3059 uletric.
265 3040 290 3059 r.
317 3031 409 3060 cultr.
436 3030 504 3059 afh.
555 3031 610 3067 17)
635 3029 799 3058 radicibus
827 3030 856 3058 2.
908 3029 964 3067 18)
990 3031 1076 3057 tuum
1094 3028 1123 3056 2.
1149 3030 1204 3055 tuo
1228 3025 1272 3056 M.
1298 3026 1367 3055 rell.
1393 3029 1471 3055 tuos.

229 3086 390 3116 ACRON.
440 3086 492 3115 Ad
517 3095 625 3115 uerem
653 3085 732 3123 (sic)
760 3085 934 3114 teti-aeolos
960 3084 1022 3113 AH
1050 3083 1242 3121 (uenerem).
1291 3082 1342 3110 Ad
1366 3091 1517 3111 uenerem
1542 3082 1582 3111 K.
1609 3082 1681 3111 Par.
1710 3081 1746 3110 C.
1794 3080 1844 3109 Ad
1870 3088 1942 3109 uen.

116 3142 258 3180 loquitur
281 3142 349 3171 DP.
397 3142 447 3171 Ad
483 3151 554 3171 usn.
580 3142 643 3180 loq.
681 3142 765 3179 quod
801 3150 904 3179 neque
940 3149 1048 3169 amare
1084 3148 1186 3177 neque
1224 3140 1363 3169 scribere
1388 3138 1490 3175 possit
1522 3141 1653 3176 propter
1678 3141 1818 3167 aetatem
1843 3137 1873 3173 b,
1910 3138 1945 3163 ut

118 3199 214 3228 Deru.
239 3197 273 3228 C.
300 3199 343 3228 E:
369 3198 419 3228 Ad
445 3208 514 3229 uen.
541 3198 711 3230 tetracolos
738 3199 799 3236 loq.
829 3198 913 3236 quod
944 3216 979 3217 W
1006 3200 1156 3227 aetatem.
1204 3195 1241 3224 In
1266 3205 1282 3236 γ
1307 3195 1423 3225 mutila
1448 3195 1544 3224 inser.
1596 3195 1665 3225 Ode
1679 3191 1921 3224 LXXXIIII.R.
