2283 3535
217 949 744 1018 ADDENDA
785 952 918 1018 ET
967 949 1686 1020 GORRIGENDA.

159 1181 406 1238 Sumptibus
454 1186 550 1226 Iulii
593 1187 811 1240 Spre‘wyere',
857 1185 1019 1226 honesti
1051 1185 1307 1241 bibliopolae
1337 1185 1637 1236 Berolinensis,
1682 1186 1761 1228 hoc
1791 1201 1864 1227 vo-

44 1255 185 1296 lumen
215 1256 258 1297 in
279 1257 414 1298 lucem
436 1258 605 1312 prodiit,
639 1258 754 1299 cuius
776 1258 940 1298 initium
961 1273 1092 1312 usque
1115 1259 1167 1299 ad
1192 1257 1240 1300 C.
1262 1258 1296 1309 I,
1320 1261 1343 1300 2
1366 1267 1661 1314 argumentum
1680 1258 1864 1300 Acronis

44 1330 232 1379 tendens,
277 1345 359 1370 una
404 1345 498 1371 cum
545 1332 714 1373 Elem-lm
760 1332 1030 1372 subse'dz'ormn
1074 1345 1276 1381 meorum,
1322 1331 1473 1385 Lipsia
1518 1331 1570 1372 ab
1616 1331 1864 1373 Hermanno

43 1401 229 1443 Aemilio
262 1401 500 1444 Schradcro
532 1403 810 1452 emittebatur,
857 1404 928 1458 qui
959 1404 1113 1459 exigua
1143 1404 1322 1459 pecunia
1363 1404 1436 1445 sed
1474 1419 1630 1460 magna
1660 1404 1866 1445 industria

45 1475 229 1515 animum
261 1475 438 1529 agitans,
471 1476 628 1516 maiore
659 1476 767 1517 mole
798 1477 937 1518 uarias
968 1492 1033 1518 res
1064 1477 1391 1532 sumptuosiores
1412 1477 1535 1519 simul
1557 1484 1791 1532 paraturus,
1823 1477 1866 1517 in

44 1547 193 1589 mediis
225 1549 441 1590 conatibus
472 1549 648 1590 succidit
680 1557 803 1603 atque
834 1550 1011 1591 fortunis
1043 1550 1286 1605 prouolutus
1318 1551 1512 1605 patriam,
1544 1557 1744 1605 quantum
1766 1550 1865 1599 scio,

44 1621 224 1675 reliquit.

159 1692 231 1735 Sic
263 1709 356 1736 mea
386 1710 479 1736 cum
510 1695 679 1737 Horatii
711 1704 797 1737 tum
828 1703 1017 1737 ueterum
1049 1697 1137 1739 eius
1168 1698 1444 1752 interpretum
1476 1697 1618 1747 editio,
1656 1711 1740 1737 una
1771 1711 1865 1737 cum

45 1767 277 1822 praemissa
314 1768 459 1809 critica
496 1776 631 1810 textus
664 1784 701 1823 q.
733 1785 772 1810 u.
804 1776 951 1824 poetae
982 1770 1169 1820 historia,
1203 1785 1327 1825 quam
1366 1771 1478 1812 haud
1509 1770 1662 1825 exiguo
1700 1776 1867 1824 sumptu

46 1847 169 1894 atque
200 1841 375 1882 adsiduo
407 1842 542 1883 studio
574 1843 735 1897 paraui,
767 1843 891 1884 rebus
922 1844 965 1884 in
997 1844 1146 1885 maiori
1177 1844 1418 1885 discrimine
1450 1843 1596 1893 uersis,
1629 1850 1866 1897 temporum

46 1913 264 1967 iniquitate
296 1915 446 1955 iterum
477 1915 683 1956 laborauit
716 1926 839 1971 atquc
870 1917 1103 1958 haesitauit.

158 1986 319 2028 Taedio
350 1989 531 2042 quodam
563 1996 603 2029 et
633 1990 693 2030 rei
725 1997 893 2045 captum
932 1997 969 2029 et
1001 1990 1096 2030 odio
1128 1990 1413 2044 peruersitatis
1443 1990 1658 2031 hominum
1700 1989 1770 2045 qui
1802 1989 1866 2029 in-

48 2060 212 2101 curiosa
243 2068 365 2115 atquc
397 2062 678 2116 inopportuna
709 2063 914 2104 industria
944 2063 1161 2112 nefariam,
1192 2070 1237 2104 ut
1268 2078 1361 2104 cum
1395 2062 1601 2104 Cicerone
1631 2064 1791 2118 loquar,
1824 2063 1867 2102 in

47 2148 112 2173 me
144 2148 340 2188 measque
372 2149 438 2175 res
469 2135 540 2175 diu
571 2143 843 2189 praeparatas
874 2136 1181 2191 diligenterque
1213 2144 1425 2191 promotas
1464 2137 1621 2178 inmisit
1656 2137 1866 2186 iniuriam,

47 2207 214 2247 tandem
259 2221 325 2247 me
369 2207 535 2262 incepto
580 2209 697 2263 operi
742 2209 924 2250 reddidit
971 2207 1298 2251 GVSTAVVS
1332 2208 1668 2260 WOLFF1VS‚
1714 2210 1780 2250 uir
1824 2216 1867 2250 ut

47 2280 172 2334 pauci
203 2287 241 2321 et
273 2280 504 2321 eruditione
536 2290 573 2321 et
605 2282 861 2323 humanitate
890 2282 1083 2338 insignis,
1130 2283 1335 2323 iacentem
1366 2283 1490 2323 amici
1531 2283 1717 2323 animum
1755 2283 1867 2323 exci-

49 2360 141 2394 tans
172 2367 220 2394 ac
252 2368 368 2394 suam
405 2354 562 2395 faciens
599 2369 686 2395 rem
724 2369 873 2404 meam,
921 2371 1044 2410 quam
1083 2364 1196 2397 tanto
1237 2365 1404 2410 tamque
1444 2356 1608 2411 integro
1650 2370 1790 2396 amore
1830 2363 1869 2395 et

50 2426 185 2467 studio
216 2426 433 2480 amplexus
464 2434 503 2467 et
533 2434 776 2481 prosecutus
812 2435 886 2479 est,
922 2436 966 2469 ut
1004 2444 1138 2483 nuper
1173 2429 1297 2470 etiam
1339 2444 1385 2469 eo
1424 2429 1726 2470 interueniente
1766 2428 1869 2468 mihi

50 2499 310 2554 contingeret
325 2500 667 2541 consuetudinem
684 2501 858 2556 iungere
876 2516 969 2543 cum
980 2500 1309 2544 GVILELMO
1325 2500 1467 2543 HIRS
1475 2499 1868 2550 CHFELDERO,

49 2572 140 2612 uiro
185 2572 306 2612 docto
351 2586 399 2612 ac
443 2572 636 2627 diligenti
682 2572 1012 2616 Scholiastarum
1057 2575 1384 2615 Horatianorum
1435 2582 1756 2629 perscrutatore,
1804 2574 1869 2615 cui

56 2645 343 2694 Quaestionum
375 2647 692 2687 Horale'cmorum
723 2647 936 2700 specimen
982 2647 1139 2698 (Berol.
1174 2648 1302 2703 1862)
1350 2648 1563 2697 debemus,
1608 2647 1650 2687 in
1692 2662 1773 2700 quo
1818 2648 1869 2687 de

53 2715 231 2772 Cruquii
260 2718 341 2758 fide
372 2718 542 2772 eiusque
559 2717 713 2760 Vetere
736 2717 1075 2761 Commentatore
1106 2728 1299 2762 accurate
1330 2727 1368 2761 et
1399 2720 1607 2761 subtiliter
1627 2719 1870 2775 disputauit,

0 2825 3 2843 ,-
53 2790 209 2845 quippe
240 2791 439 2831 maiorem
472 2791 734 2846 diligentiam
766 2800 803 2832 et
836 2794 1070 2834 cautionem
1101 2794 1145 2834 in
1180 2793 1420 2835 adhibendo
1453 2792 1633 2848 Cruquii
1664 2801 1871 2848 apparatu

0 2875 3 2902 ε
54 2862 245 2912 suadens,
276 2863 499 2917 pluresque
530 2863 699 2905 Horatii
729 2865 841 2906 locos
871 2867 1080 2916 tractauit,
1112 2867 1220 2907 inter
1250 2881 1353 2921 quos
1386 2865 1434 2907 C.
1467 2866 1499 2915 I,
1531 2868 1598 2915 32,
1633 2867 1705 2908 15:
1744 2882 1764 2908 ο
1797 2868 1869 2907 Ια-

54 2935 194 2976 borum
224 2936 352 2977 Dulce
383 2937 561 2983 lenimen,
606 2937 776 2982 ηιίΙιί
805 2950 1096 2994 euntque
1125 2940 1236 2980 salue
1274 2940 1361 2980 Rite
1398 2940 1574 2989 uocanti,
1617 2939 1691 2980 ubi
1728 2953 1869 2980 emen-

55 3007 264 3049 dationem
296 3009 530 3063 proposuit:
562 3011 662 3051 mihi
689 3012 828 3066 ubique
858 3012 985 3053 salue.
1046 3011 1201 3054 Officio
1222 3012 1345 3054 huius
1366 3012 1460 3062 uiri,
1493 3012 1610 3054 cuius
1630 3012 1870 3068 benignitas

56 3095 139 3121 non
168 3081 304 3122 minor
335 3090 396 3121 est
426 3096 552 3135 quam
582 3083 770 3133 facultas,
803 3084 860 3124 ita
892 3085 1016 3125 etiam
1047 3086 1106 3125 uti
1136 3085 1266 3135 licuit,
1297 3092 1341 3126 ut
1376 3092 1461 3126 tam
1495 3086 1715 3128 molestum
1745 3101 1870 3140 quam

57 3167 186 3206 graue
216 3153 431 3209 negotium
461 3154 689 3209 susciperet
720 3155 816 3196 inde
854 3172 878 3197 a
913 3172 1010 3212 pag.
1042 3159 1265 3200 449-528
1301 3158 1402 3199 folia
1440 3158 1701 3214 perlegendi,
1747 3165 1870 3213 atque
