2283 3535
283 655 300 683 :51

285 1021 295 1051 1
306 1020 324 1051 Ο

348 218 433 259 460
984 224 1088 257 ACR.
1112 224 1174 256 ET
1199 223 1364 256 PORPH.
1391 222 1538 255 COMM.

1044 426 1341 482 EPODOS
1385 427 1481 481 IV.

1169 538 1356 581 AGRON.

465 645 585 699 Lupis
616 652 652 685 et
682 659 744 698 aq.
810 642 897 683 Hic
928 655 1052 695 quem
1083 639 1335 694 adloquitur,
1367 638 1542 678 libertus
1572 637 1649 678 fuit
1681 635 1765 678 Gn.
1797 635 1977 690 Pompei
2013 634 2180 690 Magni.

348 717 515 767 Postea,
547 723 711 757 mortuo
727 714 947 770 Pompeio,
982 712 1110 754 Sexto
1141 711 1347 766 Pompeio
1378 711 1463 751 filio
1495 710 1583 751 eius
1615 716 1835 750 exercente
1858 708 2093 764 piraticam,
2126 707 2179 748 ad

348 791 591 846 Augustum
624 789 769 830 relicto
789 787 917 829 Sexto
950 787 1150 841 confugit.
1210 784 1367 826 Iterum
1401 784 1454 824 ad
1478 783 1652 825 Sextum
1684 782 1877 823 reuersus
1912 788 1987 832 est,
2022 795 2179 831 rursus,

350 864 421 905 illo
453 863 612 912 relicto,
645 862 698 903 ad
730 860 973 917 Augustum
1005 859 1129 901 rediit
1161 866 1199 900 et
1229 857 1279 899 ab
1312 873 1359 899 eo
1391 857 1583 898 tribunus
1614 857 1792 897 militum
1828 857 1958 897 factus
1989 862 2062 896 est.

466 938 501 977 1.
534 944 684 992 quanta
716 936 867 977 sortito.
928 932 1181 974 Inimicitiae
1212 938 1283 972 aut
1313 930 1525 971 naturales
1547 937 1653 979 sunt,
1676 937 1746 970 aut
1766 928 2039 970 uoluntariae.
2087 925 2182 969 Sibi

350 1025 452 1066 ergo
484 1024 578 1051 eum
610 1009 688 1050 isto
720 1008 931 1049 naturales
962 1006 1205 1048 inimicitias
1236 1019 1326 1046 esse
1357 1003 1472 1053 dicit,
1509 1003 1613 1044 sieut
1645 1003 1767 1058 agnis
1788 1010 1826 1043 et
1848 1003 1970 1057 lupis.
2033 1001 2181 1043 Sortito

353 1083 530 1140 [autem]
554 1082 803 1123 aduerbium
825 1088 886 1122 est
908 1079 1133 1136 qualitatis,
1166 1078 1245 1120 hoe
1266 1084 1348 1119 est:
1384 1076 1534 1133 [quod]
1558 1090 1609 1117 ex
1630 1083 1753 1126 sorte,
1776 1076 1819 1116 id
1841 1082 1914 1125 est,
1936 1074 2182 1117 naturaliter

350 1156 501 1198 euenit.

464 1231 501 1271 3.
537 1228 730 1270 Hibericis
758 1243 797 1284 p.
825 1228 853 1281 Γ.
912 1226 962 1267 Id
994 1233 1077 1267 est:
1126 1223 1380 1267 cruciatibus
1410 1222 1562 1264 afflicte
1593 1231 1633 1263 et
1663 1223 1842 1264 uinculis
1873 1222 2179 1277 Hispanorum,

352 1304 423 1359 qui
455 1310 549 1344 sunt
580 1301 759 1343 districti
791 1301 844 1341 ad
874 1295 1104 1342 resecanda
1135 1298 1300 1339 delicta.
1334 1301 1498 1338 Peruste
1530 1297 1644 1338 latios
1668 1296 1855 1337 absolute
1893 1296 2055 1338 locutus
2085 1294 2181 1351 est[‚

308 1389 320 1418 a·
350 1384 395 1419 ut
425 1377 499 1432 (A.
530 1375 564 1426 Ι,
598 1377 720 1430 228);
754 1375 936 1416 lacrimis
968 1374 1103 1415 oeulos
1135 1373 1290 1428 sufflcsa
1321 1370 1521 1427 nitentes]

463 1452 502 1491 4.
535 1450 638 1491 dura
670 1463 791 1505 comp.
852 1447 1011 1495 Fortia,
1045 1453 1113 1487 aut
1144 1446 1292 1495 ferrea,
1326 1451 1395 1485 aut
1426 1444 1568 1485 cruda.

465 1525 502 1566 5.
536 1524 597 1566 lie.
630 1540 660 1564 s.
721 1522 772 1563 Id
804 1529 878 1572 est,
910 1520 1107 1562 libertum
1138 1527 1177 1560 te
1208 1533 1311 1569 esse,
1344 1518 1517 1559 diuitiae
1540 1518 1711 1572 (quibus
1747 1517 1958 1573 abundas)
1981 1530 2182 1558 excusare

349 1613 433 1640 non
465 1603 651 1653 possunt.

465 1674 501 1712 7.
541 1672 702 1712 Videsne
735 1669 905 1710 Sacram
937 1675 1022 1708 met.
1045 1675 1078 1708 te
1111 1667 1228 1707 Viam.
1290 1663 1441 1721 [Cum]
1466 1665 1757 1720 indignatione
1779 1666 1855 1706 ait:
1898 1666 2057 1707 Videsne
2087 1679 2182 1706 eum

350 1752 539 1801 togatum
570 1743 765 1785 incedere
788 1742 812 1782 i.
836 1757 870 1783 e.
892 1740 1127 1796 promoueri
1153 1739 1249 1796 [per
1268 1739 1452 1795 forum]?
1513 1741 1736 1782 Metientem
1757 1740 1861 1780 dixit
1883 1739 2181 1787 ambulantem,

350 1828 394 1861 ut
425 1820 601 1875 (Luc-an.
632 1816 687 1867 V,
720 1817 843 1867 556):
880 1814 967 1871 [ln]
1001 1814 1138 1856 stabili
1163 1827 1306 1868 qressu
1336 1814 1496 1854 metitur
1527 1814 1649 1855 litora.
1683 1815 1838 1855 corm'sc.

464 1894 502 1934 8.
535 1906 626 1934 cum
657 1891 715 1933 bis
747 1898 816 1931 ter.
846 1905 885 1931 u.
919 1897 943 1930 t.
1006 1887 1089 1930 Sex
1121 1886 1233 1928 enim
1263 1885 1373 1927 ulnis
1404 1885 1587 1927 habebat
1616 1886 1811 1928 diffusam
1843 1894 1998 1942 togam.

464 2042 625 2073 ACRON.
656 2041 685 2071 A
712 2040 840 2080 (Acr.):
874 2039 1034 2068 ternarius
1068 2038 1235 2066 iambicus.
1268 2036 1309 2065 ad
1343 2044 1457 2073 marg„
1490 2039 1628 2066 metrum
1661 2037 1745 2074 quod
1779 2037 1884 2075 suffia
1909 2037 1939 2066 A
1967 2036 2094 2076 (Hor.):
2129 2035 2182 2065 Ad

351 2104 483 2131 sextum
513 2109 644 2130 menam
680 2098 754 2137 (hoc
786 2106 902 2126 nomen
935 2106 994 2125 om.
1027 2094 1205 2132 Vanderb.)
1247 2094 1438 2123 libertinum
1470 2093 1600 2122 uedium
1633 2093 1738 2122 rufum
1779 2103 1818 2123 ex
1855 2094 2014 2124 seruitute
2045 2093 2182 2122 miratur

350 2166 522 2195 usurpasse
549 2159 731 2194 equestrem
758 2154 953 2191 dignitatem
985 2160 1088 2189 usque
1113 2151 1153 2180 ad
1179 2151 1379 2180 tribunatum
1411 2144 1490 2188 mii„
1522 2155 1558 2180 ut
1582 2150 1640 2179 DP
1672 2149 1740 2188 (hic
1773 2160 1841 2179 cum
1867 2151 1989 2188 apertis
2012 2149 2123 2188 uitiis)
2150 2153 2183 2179 et

349 2215 380 2244 K
407 2213 582 2253 (militum).
608 2212 680 2241 Vet.
707 2211 817 2240 Ambr.
843 2210 892 2239 11:
919 2209 971 2238 Ad
997 2225 1038 2229 ——
1063 2208 1266 2237 tribunatum
1298 2208 1362 2237 mil.
1391 2207 1473 2245 (mil.
1500 2216 1560 2236 om.
1588 2207 1647 2245 H).
1675 2207 1708 2236 in
1735 2211 1864 2237 sextum
1890 2208 2083 2245 pompeium.
2111 2216 2180 2236 sex.

349 2272 407 2301 lib.
435 2280 561 2300 menam
588 2269 730 2298 iainbice.
757 2267 790 2296 1:
817 2266 853 2295 In
885 2275 999 2294 menam
1025 2264 1108 2293 sexti
1131 2263 1272 2302 pompeii
1294 2264 1448 2293 libertum
1474 2263 1658 2301 (perperam
1683 2264 1861 2303 Vanderb.)
1887 2267 1923 2292 ut
1947 2264 2036 2294 Pith.
2063 2263 2103 2292 ad
2129 2263 2179 2292 ed.

352 2328 436 2357 1474
462 2327 604 2356 addens:
631 2325 671 2354 al.
702 2322 751 2354 Cn.
779 2333 834 2361 pro
861 2322 966 2352 Sexti.
991 2322 1085 2365 γΒφὶ)
1111 2321 1205 2350 Bern.
1232 2321 1276 2350 B:
1309 2321 1344 2350 In
1372 2324 1501 2350 sextum
1528 2321 1709 2358 pompeium
1735 2321 1898 2350 libertum.
1932 2320 2001 2350 Ode
2026 2319 2123 2350 CVII.
2142 2319 2180 2348 R.

464 2384 497 2422 5)
524 2383 627 2420 adloq.
653 2381 691 2410 A.
732 2399 771 2402 ——
794 2379 867 2419 ynez‘
889 2379 928 2409 A.
956 2378 1017 2408 Gn.
1044 2378 1173 2416 Pompei
1201 2377 1241 2409 G.
1273 2379 1309 2407 G.
1335 2378 1478 2416 Pompeij
1505 2377 1542 2406 R.
1574 2376 1623 2407 Cn.
1656 2378 1786 2416 Pompei
1808 2389 1831 2407 r.
1858 2377 1914 2407 Cn.
1942 2377 2086 2415 Pompeii
2108 2376 2179 2407 vfh.

350 2441 384 2480 6)
412 2440 503 2470 Sext.
530 2440 638 2477 Pomp.
678 2448 738 2468 om.
776 2437 958 2474 R2‚1·mvac.
1025 2437 1058 2474 7)
1085 2434 1215 2464 Sestum
1241 2434 1278 2463 11.
1345 2434 1378 2472 9)
1406 2434 1481 2463 Seii.
1510 2435 1599 2463 inim.
1629 2436 1657 2463 ζ).
1684 2435 1776 2464 Inim.
1809 2439 1916 2464 autem
1942 2435 1977 2463 P..
2041 2435 2096 2473 10)
2123 2435 2179 2463 isco

348 2498 583 2534 AR12‚1·mvca.
611 2495 663 2524 illo
689 2493 767 2529 th.
821 2493 873 2531 11)
903 2496 1009 2522 autem
1035 2502 1095 2521 om.
1111 2491 1171 2520 Αἱ).
1198 2492 1284 2529 qual.
1313 2495 1361 2520 est
1389 2492 1416 2522 2.
1444 2491 1542 2521 Sorlio
1556 2491 1595 2521 A.
1625 2493 1698 2521 inde
1725 2492 1841 2521 sortitio
1873 2493 1904 2521 in
1930 2491 2060 2521 nonnul.
2088 2491 2179 2522 codd.

348 2554 401 2583 Ad
427 2562 526 2591 marg.
554 2551 740 2582 SORTITo
767 2550 803 2578 B.
831 2548 1049 2579 SORTITON
1075 2558 1107 2591 φ,
1157 2565 1198 2568 ψ
1239 2548 1324 2586 qual.
1355 2547 1409 2577 hoc
1443 2552 1490 2577 est
1525 2553 1610 2578 sorte
1640 2553 1667 2577 et
1696 2553 1762 2577 nat.
1789 2549 1823 2578 R.
1857 2550 1941 2586 qual.
1976 2548 2029 2578 hoc
2055 2552 2105 2578 est
2139 2558 2180 2578 ex

347 2609 476 2639 sortibus
509 2612 575 2638 nat.
609 2618 657 2637 eu.
686 2609 715 2636 2.
747 2606 800 2635 hoe
833 2609 881 2634 est
908 2605 992 2643 quod
1026 2614 1068 2634 ex
1102 2614 1145 2634 so.
1171 2604 1204 2633 z'cl
1235 2608 1284 2633 est
1309 2604 1349 2634 A.
1378 2609 1462 2633 sorte
1496 2608 1522 2633 et
1554 2608 1619 2633 nat.
1648 2605 1676 2632 2.
1703 2605 1788 2643 quod
1814 2615 1872 2634 om.
1899 2605 2093 2642 lust-niveae
2119 2605 2180 2634 hoc

349 2671 398 2696 est
425 2676 465 2695 ex
492 2676 536 2695 so.
563 2664 596 2694 ’ῖιΖ
620 2668 662 2693 est
687 2673 710 2692 r.
736 2663 769 2692 id
781 2667 822 2691 es!
847 2672 887 2690 ex
914 2671 957 2690 se.
986 2662 1004 2690 i.
1030 2664 1095 2690 nat.
1122 2670 1190 2690 vva.
1217 2670 1251 2702 γε
1278 2660 1391 2689 sortito.
1419 2670 1474 2698 per
1500 2664 1627 2689 sortem.
1655 2671 1709 2699 per
1734 2665 1891 2691 naturam.
1920 2662 1993 2690 adu.
2020 2665 2069 2690 est
2095 2661 2178 2699 qual.

349 2725 408 2753 hoc
435 2729 482 2753 est
510 2733 551 2752 ex
577 2725 675 2751 sorte.
703 2720 746 2750 C:
781 2724 860 2748 sorte
885 2723 1028 2755 natm-ae,
1063 2728 1120 2747 seu
1147 2719 1313 2747 instinctu.
1341 2719 1411 2747 adu.
1441 2723 1488 2747 cst
1515 2718 1600 2755 qual.
1626 2728 1689 2747 non
1715 2719 1814 2747 etiam
1841 2723 1994 2754 euentus3
2025 2728 2080 2756 pro
2114 2717 2177 2747 for-

348 2781 441 2817 tuito,
476 2783 510 2808 ut
542 2780 691 2816 legerunt
721 2778 834 2815 aliqui.
864 2794 900 2798 -—
929 2785 946 2818 γ
973 2777 1105 2813 insuper
1130 2775 1243 2804 habet:
1270 2774 1431 2804 discordia.
1460 2775 1551 2812 quasi
1579 2775 1772 2804 naturaliter
1805 2780 1890 2805 sorte
1916 2775 2082 2813 permissa.
2110 2774 2178 2803 Hib.

349 2846 433 2865 omn.
461 2836 554 2865 codd.
582 2840 662 2871 etr,
690 2833 755 2863 Hib.
783 2843 845 2870 mv,
878 2833 920 2862 lb.
948 2833 1032 2861 cafli.
1061 2833 1210 2870 quoniam
1244 2832 1274 2860 in
1308 2832 1430 2860 hiberia
1465 2832 1484 2859 i.
1517 2831 1668 2869 hispania
1700 2832 1871 2869 plurimum
1903 2832 2002 2870 sparti
2036 2832 2180 2860 nascitur

349 2893 433 2921 unde
459 2893 549 2921 funes
577 2892 656 2920 fiunt
681 2900 698 2932 γ
723 2889 863 2930 (sparta)
892 2888 925 2918 C.
952 2888 1034 2917 conf.
1063 2888 1181 2926 Porpli.
1208 2887 1303 2925 Apud
1333 2888 1460 2916 hiberos
1494 2891 1655 2925 repertum
1687 2887 1750 2917 fuit
1784 2889 1842 2917 hoc
1868 2897 1956 2926 genis
1982 2889 2179 2918 uerberatio-

348 2949 398 2977 nis
423 2950 451 2976 2.
506 2948 559 2986 14)
585 2948 731 2976 destricti
758 2947 792 2976 R.
831 2964 871 2966 ——
909 2946 1035 2975 locutus
1068 2949 1115 2974 est
1140 2944 1256 2979 ΑΕΖΓ.
1283 2944 1352 2973 rell.
1381 2944 1478 2972 dixit.
1504 2947 1539 2973 ut
1568 2962 1601 2965 ⁴—
1633 2945 1772 2973 nitentes
1798 2955 1858 2974 oni.
1884 2944 1947 2975 Ae.
1999 2944 2054 2982 16)
2076 2943 2179 2983 sortia

348 3008 401 3033 αιιι
425 3003 498 3033 ferr.
525 3008 578 3032 aut
606 3013 647 3032 cr.
675 3003 773 3040 AP.‚1·.
800 3002 869 3031 rell.
895 3011 955 3032 om.
984 3001 1090 3031 fortia.
1122 3006 1173 3030 aut
1202 3002 1274 3030 serr.
1301 3000 1484 3037 ARQG,1·Q.
1518 3002 1584 3030 rell.
1619 3012 1680 3030 om.
1708 3006 1772 3031 aut.
1840 3002 1894 3040 17)
1920 3011 1949 3039 q.
1976 3002 2006 3030 d.
2032 3002 2177 3030 libertum

350 3061 429 3100 (sic)
456 3062 486 3090 2.
513 3061 581 3089 rell.
611 3061 629 3089 i.
657 3061 800 3089 liberum.
851 3077 890 3080 a
940 3060 1078 3089 diuitiae
1112 3058 1215 3097 quibus
1249 3056 1326 3097 (sic)
1363 3059 1389 3086 1.
1423 3058 1466 3086 di.
1500 3057 1603 3096 quibus
1634 3057 1789 3087 habendas
1814 3068 1885 3087 exc.
1911 3057 1947 3086 R.
2016 3058 2069 3097 19)
2096 3056 2177 3087 Cum

349 3127 410 3147 om.
439 3117 500 3146 Ae.
550 3135 553 3137 >
632 3117 721 3145 uides
747 3126 770 3145 r.
798 3116 935 3145 uidentes
961 3116 998 3145 A.
1027 3117 1097 3145 rell.
1124 3116 1242 3144 uidens.
1278 3115 1369 3152 posui
1403 3114 1520 3143 uidesne
1546 3113 1668 3152 (liora).
1698 3115 1717 3143 i.
1745 3115 1925 3152 promoueri
1959 3114 1994 3143 R.
2029 3114 2178 3143 incedere

345 3173 527 3212 permoueri
552 3172 590 3202 A.
620 3174 638 3202 i.
662 3173 845 3211 pei-moueri
871 3183 894 3202 r.
921 3172 964 3202 ait
982 3173 1162 3211 permoneri
1191 3181 1260 3201 cum
1285 3171 1408 3200 uideret
1436 3180 1506 3199 eum
1533 3175 1597 3208 tog.
1626 3171 1654 3199 ⁶2.
1682 3170 1751 3199 rell.
1780 3181 1840 3199 om.
1907 3170 1964 3208 20)
1992 3180 2048 3208 per
2072 3169 2177 3200 sorum

348 3241 408 3260 om.
435 3230 524 3259 ARQ.
573 3227 631 3268 21)
657 3229 692 3258 In
721 3227 842 3267 (GQQ.
872 3230 940 3259 rell.
967 3239 1026 3258 om.
1053 3229 1170 3258 stabuli
1195 3228 1341 3266 ingressu
1366 3238 1389 3257 r.
1419 3245 1455 3249 -—
1485 3228 1579 3257 litora
1605 3228 1643 3256 A.
