2283 3535
827 238 875 267 ix
905 237 1048 268 cAuM.
1076 239 1136 268 vt.
1163 244 1190 268 ι..
1840 231 1920 270 405

207 362 272 400 40.
307 361 503 414 celeremq.
532 375 572 415 p.
607 375 643 399 u.
667 375 716 399 m.
777 360 889 410 Quia
922 359 978 399 ita
1009 366 1197 413 tempora
1230 374 1304 413 per
1335 360 1457 400 lunae
1490 376 1655 402 cursum
1689 363 1792 403 sicut
1824 362 1922 402 solis

95 440 364 489 peraguntur.
427 432 512 473 Sed
544 433 656 474 cirea.
688 433 827 473 lunam
861 431 1030 486 proprie
1054 446 1216 472 menses
1237 431 1362 481 dixit3
1396 433 1455 473 sic.
1478 434 1587 474 enim
1606 435 1783 490 singulis
1807 450 1922 475 incn-

95 506 209 548 sibus
238 506 456 547 zodiacum
488 505 690 547 circulum
721 505 819 546 luna
850 505 1088 560 pertransit,
1123 505 1476 559 quemadmodum
1508 507 1567 547 sol
1600 514 1683 549 toto
1715 524 1837 549 anno.

209 580 392 636 [noluere
414 595 461 620 m.
507 578 620 630 Quia
651 579 941 619 ‹·0n‹liei0nem
973 579 1236 620 mortalitatis
1269 579 1527 634 temporibus
1565 581 1663 620 anni
1697 596 1922 635 eompara-

96 662 224 702 uerat,
270 667 322 693 ne
354 653 622 693 crederentur
653 660 690 692 ct
722 651 911 692 homines
944 653 1118 702 renasci,
1164 664 1366 707 tempora,
1414 653 1708 694 inniutationes
1740 654 1922 693 elemen-
1974 665 1985 690 Γ

95 735 230 767 torum
261 726 349 766 siue
381 733 616 779 temporum
648 726 836 780 reparari
867 726 985 775 dixit,
1018 726 1307 767 condicionem
1338 741 1438 767 uero
1456 726 1721 767 mortalitatis
1742 733 1786 766 ut
1809 741 1923 766 coni-

97 813 262 840 munem
294 799 487 840 omnibus
518 814 606 840 esse
638 798 998 855 inreparabilem]

207 874 272 913 41.
307 881 430 928 nupta
465 874 487 912 i.
520 874 556 913 d.
631 872 864 926 Loquendo
896 873 949 912 ad
980 888 1104 913 uuam
1136 873 1187 913 dc
1219 872 1412 914 omnibus
1451 873 1571 915 dicit:
1619 874 1717 915 dum
1764 874 1924 915 fueritis

94 953 262 1001 nuptae,
295 946 455 987 dicetis.

209 1022 392 1061 amicum.
452 1019 662 1060 Amabile.
1960 1032 1994 1061 ιι)

207 1094 273 1133 43.
305 1094 371 1133 44.
405 1094 515 1134 redd.
548 1109 578 1134 e.
611 1094 647 1134 d.
681 1108 728 1133 m.
763 1108 800 1133 u.
827 1094 979 1134 Horati.
1039 1092 1133 1134 Non
1166 1093 1390 1135 difficulter
1412 1107 1580 1135 carmen
1603 1093 1759 1137 Horati
1784 1094 1926 1135 reddi-

97 1166 209 1207 disse
242 1180 284 1207 se
316 1167 442 1208 refert
471 1166 537 1207 uel
570 1166 784 1208 cecinisse.

834 1295 1184 1339 PORPHYRION.

210 1387 312 1427 Dine
341 1402 374 1442 q.
400 1402 441 1442 p.
475 1387 524 1428 N.
557 1402 605 1427 m.
666 1386 786 1427 Haec
816 1386 895 1428 ode
916 1386 1118 1441 hymnum
1139 1385 1354 1441 Apollinis
1377 1387 1573 1437 eontinet,
1608 1403 1690 1442 qua
1713 1402 1926 1429 eomlnen-
1956 1398 1994 1429 15

96 1459 165 1500 dat
197 1459 235 1500 ei
266 1459 453 1501 earmina
484 1474 557 1500 sua
589 1466 627 1500 et
663 1459 785 1500 simul
829 1459 1070 1514 adloquitur
1114 1474 1266 1515 pueros
1311 1460 1569 1515 puellasque,
1622 1476 1726 1515 quos
1757 1475 1927 1502 carmen

97 1532 216 1573 docet
248 1532 474 1573 saeculare.

209 1607 246 1647 3.
280 1615 315 1647 et
349 1608 383 1647 T
383 1622 416 1647 r.
442 1621 570 1662 prope
600 1607 730 1647 πίθων
760 1622 796 1646 α.
869 1605 919 1646 Id
950 1613 1011 1647 est
1042 1621 1176 1661 paene
1208 1607 1352 1649 uictor.
1429 1607 1526 1649 Hoc
1568 1615 1706 1649 autem
1738 1608 1792 1648 ad
1824 1608 1928 1649 illud

97 1679 289 1734 pertinet,
337 1679 448 1734 quod
479 1679 632 1721 dieitur
661 1679 785 1721 Paris
816 1679 859 1720 in
889 1677 1103 1720 Achillem
1134 1680 1331 1736 sagittam
1363 1681 1566 1736 Apolline
1606 1681 1818 1737 dirigente
1858 1690 1929 1722 te-

97 1753 292 1795 tendisse.
1955 1767 1996 1797 20

212 1828 248 1868 5.
283 1828 420 1868 celeris
452 1842 500 1867 m.
533 1835 556 1868 1.
589 1842 639 1868 m.
669 1828 761 1883 imp.
822 1826 950 1868 Miles
980 1826 1132 1881 impar,
1163 1826 1355 1869 Achilles
1388 1828 1559 1870 scilieet.

212 1901 276 1940 12.
305 1902 474 1955 posue'tq.
507 1916 538 1942 e.
570 1902 593 1941 ι’.
618 1901 794 1956 puluere
830 1902 994 1942 Teucro.
1065 1899 1246 1941 Teuerio
1283 1901 1469 1956 puluere.
1546 1901 1665 1957 Ergo
1702 1901 1931 1956 principali

98 1987 174 2027 pro
205 1973 442 2027 possessiuo
472 1973 641 2014 nomine
671 1989 770 2015 usus
801 1981 873 2015 est.
934 1972 1005 2016 Sic
1035 1973 1189 2015 dieitur
1228 1972 1302 2026 (A.
1342 1975 1394 2023 V,
1440 1976 1563 2031 661):
1612 1977 1790 2016 Hauriat
1825 1976 1931 2016 hunc

98 2047 224 2087 oculis
254 2048 382 2101 {quem
415 2047 588 2088 crudelis
617 2048 663 2088 ab
696 2048 775 2088 alto
810 2048 1047 2094 Dardanus,
1079 2062 1156 2102 pro
1187 2062 1236 2089 eo
1268 2048 1380 2102 quod
1410 2055 1470 2089 est
1501 2047 1761 2090 Dardanius.

213 2121 276 2160 16.
308 2120 398 2173 fall.
430 2120 513 2161 aul.
573 2119 730 2161 Aulam
763 2120 851 2161 sine
894 2119 1022 2161 dubio
1066 2135 1143 2175 pro
1188 2128 1273 2162 toto
1314 2120 1395 2162 Ilio
1440 2121 1622 2176 positum
1668 2130 1748 2171 est3
1795 2135 1931 2175 neque
1957 2133 1998 2164 25

99 2192 210 2233 enim
232 2192 365 2234 solum
386 2207 531 2248 regem
551 2193 787 2234 fefellerunt
806 2192 963 2235 Graeci
979 2193 1179 2235 adhibitis
1199 2194 1378 2245 insidiis,
1401 2209 1549 2236 uerum
1566 2202 1696 2237 toturn
1714 2195 1930 2251 populum.

213 2266 277 2306 18.
309 2267 464 2307 nescios
494 2267 524 2320 f.
551 2282 592 2322 p.
650 2266 702 2306 Id
733 2273 806 2316 est,
839 2266 1032 2308 infantes.
1093 2266 1442 2323 Περιφραστικῶς.

213 2341 279 2380 22.
312 2340 517 2381 adnuisset
546 2354 580 2380 r.
603 2343 670 2381 Ae.
688 2356 730 2395 p.
753 2341 790 2382 d.
822 2356 859 2382 α.
880 2356 930 2381 m.
991 2340 1042 2381 Id
1073 2347 1146 2390 est,
1179 2340 1395 2383 adnuisset
1424 2348 1468 2382 ut
1499 2342 1673 2384 meliore
1705 2342 1803 2384 alite
1834 2342 1872 2382 h.
1896 2357 1930 2383 e.

99 2411 271 2453 meliore
303 2411 492 2466 auspicio
523 2411 693 2454 Aeneas
723 2413 871 2454 urbem
903 2413 1184 2455 constitueret..

216 2499 248 2537 1)
276 2508 333 2536 pro
356 2499 400 2528 lu.
427 2509 520 2528 eursu
546 2500 601 2533 2,ι·.
660 2500 694 2538 3)
722 2510 814 2538 quem
840 2501 957 2539 Porph.
984 2502 1059 2540 quia
1085 2503 1114 2531 2.
1176 2503 1211 2541 4)
1237 2503 1306 2533 Hoe
1332 2504 1430 2533 schol.
1458 2504 1543 2542 quod
1569 2505 1609 2533 ad
1635 2505 1713 2534 odae
1740 2514 1806 2542 seq.
1833 2514 1862 2532 u.
1892 2504 1930 2532 13

101 2557 242 2593 pertinet
281 2554 377 2592 (conf.
404 2556 538 2594 Porph.)
575 2566 635 2586 om.
661 2556 737 2598 R-sh.
803 2557 837 2595 5)
866 2568 924 2587 nee
949 2559 1032 2588 cred.
1058 2559 1096 2588 A.
1123 2560 1235 2588 inmut.
1268 2560 1330 2589 A2.
1399 2560 1432 2599 7)
1459 2570 1570 2590 comm.
1596 2560 1678 2589 nobis
1713 2562 1739 2590 1.
1774 2561 1867 2590 nobis
1901 2564 1932 2589 et

102 2612 246 2640 omnibus
273 2612 303 2640 2.
367 2612 401 2650 8)
428 2613 519 2649 dicit,
543 2612 577 2641 id
600 2617 649 2650 est,
677 2614 751 2642 dum
778 2613 816 2648 Q.
884 2614 938 2653 11)
962 2614 1030 2643 diff.
1058 2625 1186 2645 carmen
1219 2616 1327 2645 horati
1359 2617 1449 2645 redd.
1485 2616 1597 2645 referet
1626 2617 1677 2646 uel
1709 2626 1772 2646 cec.
1803 2616 1842 2645 A.
1877 2617 1932 2644 ho-

100 2667 197 2697 ratius
223 2678 317 2697 carm.
345 2668 435 2697 redd.
460 2678 491 2697 se
515 2668 610 2708 refert
632 2669 683 2698 uel
708 2670 849 2699 exemisse
872 2671 909 2699 R.
937 2671 1082 2701 horatius
1109 2682 1204 2701 carm.
1231 2672 1366 2701 edidisse
1392 2673 1485 2702 refert
1508 2673 1561 2702 uel
1586 2681 1648 2702 eee.
1682 2675 1710 2701 ’2.
1737 2674 1858 2702 oratius
1885 2682 1930 2701 ca.

101 2725 191 2754 redd.
216 2734 247 2754 se
270 2724 366 2763 refert
388 2725 440 2753 uel
465 2724 602 2754 exemisse
632 2727 657 2754 1.
683 2730 715 2755 te
739 2726 854 2756 referes
879 2727 916 2762 Q.
943 2737 976 2757 se
1001 2728 1100 2758 refert
1123 2729 1177 2758 sed
1199 2730 1381 2759 concessisse
1408 2739 1432 2758 r.
1460 2729 1601 2758 horatius
1625 2739 1688 2758 mv.

214 2781 368 2811 PORPH.
419 2781 489 2811 Ode
504 2781 726 2811 LXXXXIIII.
774 2784 811 2812 In
830 2784 955 2813 laudem
974 2785 1128 2822 apollinis
1142 2785 1177 2813 R.
1230 2786 1286 2824 15)
1312 2782 1379 2827 ωδη
1397 2785 1440 2814 M.
1460 2786 1534 2815 odes
1560 2786 1607 2826 Tb.
1628 2787 1765 2824 hymnos
1783 2785 1819 2814 R.
1837 2786 1931 2824 hym-

101 2836 149 2866 nis
165 2836 208 2865 M.
228 2837 341 2866 laudes
357 2838 406 2879 γῑ).
443 2829 513 2876 ’16)
541 2842 567 2867 et
583 2848 677 2867 carm.
695 2839 839 2877 MR2,1·v.
858 2841 927 2870 rell.
951 2842 988 2869 ei.
1042 2842 1097 2879 17)
1124 2850 1184 2870 sec.
1204 2842 1317 2871 doceat
1336 2842 1364 2870 2.
1391 2842 1498 2871 doceat
1523 2842 1664 2871 seculare
1689 2843 1739 2883 ⁴(b.
1766 2842 1835 2871 rell.
1863 2852 1931 2871 sae-

103 2893 210 2922 culare
235 2893 338 2923 docet.
366 2893 393 2929 Q
418 2903 476 2923 om.
503 2896 676 2924 saeculare.
729 2897 783 2935 18)
810 2907 930 2934 poenae
947 2897 992 2926 M.
1044 2897 1099 2935 19)
1128 2898 1256 2927 dicatur
1272 2897 1501 2936 MRG(001·1·.).
1528 2899 1667 2927 achillea
1690 2899 1735 2928 M.
1785 2900 1843 2938 21)
1870 2900 1932 2928 sei-

102 2949 179 2978 licet
204 2959 233 2987 p.
259 2959 284 2979 r.
311 2959 340 2987 p.
369 2949 447 2989 (sie)
472 2949 598 2987 MGuw‘.
624 2952 656 2980 in
682 2951 709 2980 R
733 2953 855 2982 lacuna.
882 2954 951 2983 rell.
977 2963 1037 2983 om.
1065 2955 1122 2983 has
1148 2958 1214 2983 ‘tres
1238 2955 1362 2991 literas,
1403 2955 1459 2983 “in
1485 2955 1601 2992 quibus
1634 2955 1710 2993 quid
1740 2956 1842 2985 lateat
1875 2957 1932 2984 du-

103 3005 192 3033 bium
217 3006 285 3034 est''
312 3005 349 3040 Q.
376 3005 456 3035 Cum
482 3007 509 3035 R
534 3007 648 3037 lemma
673 3017 737 3046 seq.
765 3010 831 3040 seh.
865 3011 993 3039 omittat
1020 3014 1051 3039 et
1083 3009 1118 3038 M
1150 3011 1283 3039 habeat:
1322 3020 1351 3048 p.
1377 3020 1401 3039 r.
1428 3020 1458 3048 p.
1491 3010 1611 3040 teucrz'o
1637 3011 1765 3049 puluere
1797 3021 1867 3051 erqo
1885 3034 1891 3041 .
1912 3034 1930 3049 .‚

104 3060 264 3090 lemmatis
289 3063 457 3092 uerborum
483 3063 639 3101 (procidit
656 3065 830 3103 posuitque
851 3083 888 3086 —
908 3076 954 3104 pr.
983 3076 1011 3104 p.
1040 3067 1095 3104 e)
1123 3066 1268 3096 initiales
1294 3076 1346 3095 eas
1371 3067 1483 3095 literas
1510 3067 1625 3096 iudico.
1651 3067 1691 3097 M.
1723 3077 1782 3097 oni.
1805 3068 1932 3107 puluere

110 3116 232 3148 Teucro.
258 3117 328 3147 Pro.
378 3119 435 3157 23)
464 3119 516 3149 Sic
542 3120 661 3149 dicitur
685 3121 767 3149 MR2
795 3120 878 3160 (GP)
906 3121 943 3156 Q.
970 3132 1028 3151 om.
1057 3132 1100 3150 rv.
1127 3126 1159 3150 ut
1182 3122 1249 3151 afh.
1299 3123 1356 3161 24)
1383 3123 1493 3160 ignem
1519 3133 1578 3152 om.
1604 3123 1670 3152 M2.
1727 3124 1783 3163 28)
1810 3124 1845 3152 Id
1872 3128 1931 3160 est,

107 3171 163 3200 inf.
190 3172 265 3201 MA.
292 3174 360 3202 rell.
387 3184 446 3204 om.
472 3185 595 3218 περιφρ.
620 3176 693 3205 MA.
719 3178 859 3215 periphr.
889 3179 916 3206 2.
942 3187 1197 3221 περιφρασικως
1222 3188 1267 3206 rv.
1294 3175 1520 3219 περιθασικως
1552 3178 1618 3209 afh.
1685 3179 1741 3217 29)
1777 3180 1852 3208 adn.
1886 3179 1930 3208 M.

107 3227 188 3256 Idem
212 3228 255 3257 M.
304 3230 361 3267 29)
387 3231 543 3261 constituet
564 3232 607 3261 M.
634 3233 704 3262 rell.
733 3234 946 3263 constitueret.
974 3233 1001 3268 Q
1027 3235 1126 3264 tacite
1152 3235 1268 3264 inculc.
1296 3235 1447 3268 conderet.
