2283 3535
325 225 407 264 488
959 232 1062 264 Aca..
1090 232 1149 263 ET
1175 231 1341 263 PORPH.
1368 231 1516 263 coMM.

437 359 503 399 23.
533 359 571 399 2'0
604 366 652 399 tr.
683 371 721 398 n.
753 358 778 398 ί.
805 372 846 413 p.
879 357 912 398 b.
935 371 968 398 r.
993 357 1028 397 cl.
1086 354 1183 396 Non
1214 362 1342 405 tanta,
1374 354 1524 409 inquit,
1557 354 1693 410 gloria
1725 353 1775 396 C.
1805 352 1971 395 Marius
2001 353 2053 395 de
2074 352 2155 396 Ju-

325 430 480 486 gurtha
511 430 799 485 triumphauit.

438 507 502 545 27.
536 513 644 546 terra
675 520 714 545 m
757 520 797 545 u.
829 504 864 544 h.
889 519 931 559 p.
965 503 988 543 l.
1020 518 1070 543 m.
1103 518 1133 544 s.
1211 505 1376 557 Saffum,
1422 502 1501 543 hoc
1546 509 1630 551 est,
1677 500 1870 555 deposuit
1916 500 2155 541 coccineam

323 577 587 633 chlamydem
621 577 846 626 Antonius,
892 591 975 630 qua
1006 575 1166 616 scilicet
1202 582 1247 616 ut
1284 575 1513 630 imperator
1548 574 1756 624 utebatur,
1802 580 1843 615 et
1886 573 2050 628 accepit
2092 574 2156 614 lu-

256 661 273 689 5
323 652 496 708 gubrem
526 651 552 692 i.
586 665 619 692 e.
651 651 842 705 nigram3
876 657 916 690 et
945 656 1085 690 utrum
1116 647 1168 690 ob
1200 648 1356 690 luctum
1387 648 1594 689 uictarum
1625 647 1809 703 partium
1839 647 1919 688 hoc
1948 646 2062 697 facit,
2103 661 2157 687 an

322 732 367 765 ut
398 725 442 765 in
472 725 574 780 fuga
604 724 758 765 lateat?

437 799 501 839 31.
535 799 772 839 exercitatas
803 805 873 838 aa!
898 797 995 851 petil
1017 795 1083 852 Sy.
1108 795 1222 838 Noto.
1281 793 1377 836 Non
1408 804 1500 836 nolo
1527 796 1635 851 petit,
1668 794 1741 836 sed
1772 794 2009 835 eoeercz'tatas
2039 800 2156 839 ποῖα

321 886 421 912 nam
452 878 489 912 et
523 870 623 911 alibi
655 868 726 924 (C.
758 868 836 919 IV,
871 870 936 918 14,
969 869 1035 910 20.
1069 869 1163 924 21):
1200 869 1331 910 undas
1367 870 1541 911 Exercet
1572 872 1728 909 Auster.

434 946 500 986 32.
534 952 606 985 aat
635 945 769 998 fertur
800 945 953 985 incerto
984 947 1103 984 mari.
1169 941 1388 997 Ἀναφοροί
1418 942 1472 983 ad
1502 942 1641 997 ipsum
1672 941 1698 982 i.
1730 955 1764 983 e.
1797 940 1888 996 ipse
1919 941 2051 981 fertur
2081 939 2157 980 in·-

259 1027 298 1058 10
326 1024 464 1060 certus
496 1016 674 1059 consilii.

433 1092 499 1132 35.
531 1092 599 1133 uel
629 1091 734 1147 quod
761 1091 801 1147 sl.
823 1105 862 1131 a.
886 1090 1096 1132 coherceat
1121 1090 1257 1130 metire
1277 1103 1340 1130 no.
1363 1088 1600 1130 Caecubum.
1660 1086 1774 1139 Quia
1805 1085 2157 1128 austerrissimum

321 1171 383 1206 est
419 1165 647 1207 Caecubum
677 1164 837 1214 uinum,
868 1163 1018 1204 merito
1049 1177 1249 1204 nauseam
1281 1161 1473 1203 cohercet
1484 1177 1494 1210 3
1528 1169 1567 1202 et
1588 1163 1724 1207 metire
1745 1160 1893 1216 inquit,
1927 1160 2025 1215 quia
2057 1174 2156 1214 cya-

320 1238 391 1280 tho
424 1238 696 1280 hauriebatur
727 1252 777 1279 ex
810 1244 970 1279 cratere
1000 1236 1158 1278 uinum.

1034 1349 1328 1405 EPODOS
1370 1351 1441 1404 X.

1142 1450 1328 1494 ACRON.

434 1534 470 1573 1.
502 1533 618 1576 Mala
651 1549 681 1574 s.
713 1547 752 1573 η.
832 1529 952 1573 Solui
984 1530 1137 1572 dicitur
1167 1529 1301 1580 nauis,
1334 1529 1502 1584 quando
1534 1529 1586 1570 de
1618 1528 1795 1571 statione
1830 1528 1897 1570 uel
1943 1528 1995 1569 de
2033 1534 2156 1583 portu

319 1605 577 1662 dimittitur[‚
608 1613 653 1646 ut
684 1604 757 1660 (A.
789 1604 867 1655 IV,
901 1606 1021 1660 574):
1057 1604 1206 1646 Solm'te
1235 1603 1325 1644 uela
1358 1602 1455 1659 cia]

434 1711 466 1749 1)
493 1714 612 1740 tantam
637 1712 700 1748 inq.
727 1710 861 1748 gloriam
886 1710 974 1738 caius
992 1708 1025 1737 M
1050 1708 1174 1747 (Halm.
1203 1706 1230 1742 Q.
1248 1717 1277 1745 p.
1295 1706 1449 1736 XXXIII:
1478 1706 1591 1744 inquid
1614 1706 1786 1746 g101·z·a)R.
1810 1705 1948 1736 Caesaris
1973 1706 2093 1735 marius
2118 1705 2157 1735 de

328 1767 457 1805 iurguta
483 1777 507 1796 r.
559 1768 593 1806 3)
625 1768 737 1806 Sayam
763 1767 884 1795 iterant
908 1765 981 1794 MR.
1009 1782 1051 1785 —
1076 1764 1274 1793 ckoccineam
1300 1762 1465 1792 clamidem
1491 1763 1534 1791 M.
1561 1764 1720 1793 coc-cinam
1743 1762 1841 1800 RG‚r.
1868 1764 2015 1792 coccinea
2039 1772 2069 1791 v.
2119 1762 2155 1801 4)

317 1828 352 1853 ut
377 1824 567 1863 MRQGQ).
598 1824 668 1853 edd.
696 1834 756 1853 om.
808 1823 841 1861 Τ)
868 1820 960 1860 noto]
988 1826 1064 1851 noto
1090 1820 1164 1860 (pro
1181 1820 1255 1858 aon)
1283 1820 1376 1857 petit.
1404 1820 1460 1848 sed
1487 1819 1641 1849 exercitas
1665 1824 1752 1850 noto.
1778 1830 1852 1849 nam
1869 1819 2034 1849 MR.11oto
2061 1819 2155 1856 petit,

318 1881 374 1909 sed
398 1890 457 1909 non
482 1879 640 1910 exercitas
658 1884 733 1910 noto
752 1880 791 1908 A.
817 1889 876 1908 ozon
900 1878 992 1908 notho
1018 1878 1099 1915 petit
1126 1877 1182 1906 sed
1208 1881 1234 1906 et
1258 1876 1413 1905 excitatas
1440 1875 1532 1906 notho
1561 1878 1589 1905 2.
1615 1886 1672 1905 aon
1696 1881 1771 1907 noto
1791 1877 1847 1906 sed
1867 1876 2055 1906 exercitatas
2078 1879 2156 1905 noto

317 1936 420 1975 G(Q>.
442 1946 491 1975 pe.
518 1936 596 1975 sym]
635 1937 718 1975 petit
745 1937 801 1965 sed
828 1936 989 1964 exercitas
1015 1938 1088 1964 noto
1117 1944 1142 1962 r.
1172 1942 1219 1971 pe.
1254 1931 1333 1971 sym]
1375 1942 1438 1961 non
1471 1937 1556 1962 notO.
1592 1934 1672 1962 Nam
1706 1938 1766 1963 etc.
1800 1943 1831 1962 v.
1856 1942 1907 1971 pe.
1940 1930 2033 1970 sym]
2068 1935 2155 1961 noto.

316 1994 397 2023 Nam
423 2003 451 2022 a.
478 1994 595 2022 Totum
622 1995 738 2022 lemma.
764 1996 794 2021 et
821 1993 960 2030 priorem
986 1991 1098 2019 scholii
1124 1994 1248 2028 partem
1273 1990 1342 2018 Noa
1382 2006 1424 2010 -ψ
1465 1989 1535 2018 dam
1559 1999 1618 2018 om.
1646 1989 1692 2027 fh,
1720 1990 1774 2028 qui
1800 1993 1871 2027 post
1898 1989 2014 2018 lemma
2039 1988 2155 2017 scholii

317 2059 381 2087 seq.
409 2050 549 2078 habent:
578 2049 659 2078 Nam
679 2053 710 2078 et
728 2049 805 2077 alibi
831 2049 894 2077 ait:
921 2047 1034 2076 Undas
1061 2049 1180 2076 coercet
1205 2049 1315 2075 auster
1341 2046 1462 2075 incerto
1488 2047 1567 2075 mari
1594 2044 1749 2089 ἀναφορα.
1775 2045 1819 2074 Ut
1845 2046 1948 2083 ipsum
1975 2048 2033 2074 etc.
2061 2043 2154 2074 Conf.

316 2105 389 2134 Acr.
440 2105 474 2144 9)
500 2106 642 2134 aufertur
668 2106 790 2134 incerto
815 2104 895 2133 mari
922 2103 955 2132 M
980 2100 1120 2143 (Halm.)
1149 2102 1187 2132 G.
1215 2102 1286 2131 rell.
1314 2106 1367 2131 aut
1390 2102 1489 2131 fertur
1515 2103 1575 2133 inc.
1603 2103 1691 2131 mari.
1720 2113 1757 2132 rv
1782 2112 1842 2132 om.
1869 2105 1924 2131 aut
1950 2102 2064 2131 fertur.
2119 2100 2157 2130 Ut

315 2163 421 2199 ipsum
447 2162 492 2191 fh.
522 2163 591 2190 rell.
619 2162 661 2191 acl
685 2163 801 2199 ipsum.
829 2179 869 2181 κὴ
897 2161 966 2198 ipse
992 2170 1052 2189 om.
1078 2159 1138 2188 R2.
1191 2159 1246 2198 11)
1273 2163 1412 2188 coerceat
1438 2177 1475 2179 —
1504 2163 1623 2188 coercet
1642 2159 1676 2188 M
1702 2156 1826 2199 (Halm.
1853 2158 1973 2188 coherc.
2001 2157 2039 2192 Q.
2067 2157 2088 2186 l.
2113 2156 2152 2195 1.)

316 2218 480 2248 coherceat
506 2220 538 2247 in
564 2219 637 2247 lem.
665 2223 696 2248 et
721 2219 752 2247 in
779 2218 902 2247 scholio
927 2227 952 2246 r.
978 2217 1143 2246 coherceat
1167 2233 1211 2237 ——
1236 2216 1377 2245 cohercet
1400 2227 1429 2245 v.
1456 2216 1524 2245 rell.
1551 2220 1689 2246 coerceat
1718 2233 1757 2235 —
1784 2219 1912 2244 coercet.
1971 2214 2027 2252 12)
2053 2212 2156 2251 inquit

315 2275 349 2303 M
375 2273 497 2312 (Halm.
526 2274 636 2312 inquid
660 2274 697 2309 Q.
725 2275 744 2303 l.
772 2274 820 2312 1.).
849 2274 957 2302 ciatho
982 2273 1025 2301 M.
1052 2272 1169 2310 cyatho
1187 2271 1224 2302 R.
1252 2281 1382 2301 nausam
1410 2272 1444 2301 R.
1499 2271 1554 2308 13)
1582 2273 1787 2301 hauriebatur
1803 2268 1975 2310 MRG(Q).
1994 2269 2155 2299 auriebant

316 2334 469 2360 excutere
493 2341 516 2359 r.
543 2335 570 2360 et
595 2340 636 2360 ex
662 2335 784 2360 cratere
810 2330 846 2359 R.
874 2330 942 2359 rell.
970 2328 1131 2358 hauriebat
1156 2338 1208 2357 ex.

426 2386 585 2416 ACRON.
648 2387 694 2416 IN
719 2386 889 2415 MARCIM
916 2385 992 2424 (sic)
1019 2384 1192 2413 MEVIVM
1215 2384 1244 2413 A
1271 2384 1388 2422 (Aen).
1432 2385 1575 2414 Inuisum
1603 2385 1663 2414 sibi
1692 2385 1833 2414 meuium
1859 2384 1996 2413 deuouet
2022 2387 2057 2412 ut
2081 2382 2152 2413 hor-

314 2443 422 2472 rendis
449 2443 593 2481 (orendis
612 2443 654 2482 E)
681 2447 839 2481 prematur
865 2442 1116 2479 tempestatibus
1148 2440 1176 2469 A
1202 2438 1323 2481 (Helu),
1363 2446 1397 2470 ut.
1424 2441 1454 2470 K
1482 2445 1513 2470 et
1539 2441 1631 2470 Fran.
1658 2441 1768 2470 Ambr.
1808 2441 1846 2478 E,
1873 2441 1927 2478 qui
1953 2440 2096 2469 addunt:
2121 2438 2153 2468 in

312 2499 461 2529 maenium
480 2504 600 2538 poetam
624 2499 786 2528 ternarius
814 2499 968 2527 iambicus
994 2498 1137 2527 binarius
1163 2497 1317 2525 iambicus
1345 2497 1496 2535 epodicus
1533 2497 1702 2535 (epodicon
1726 2498 1820 2526 Fran.
1848 2497 1982 2535 podicon
2008 2495 2150 2534 Ambr.)‚

254 1396 293 1426 15

312 2557 555 2594 inscriptionem
582 2557 711 2586 obuiam
737 2556 768 2584 in
793 2555 928 2598 bBtle'
954 2558 985 2583 et
1010 2564 1026 2595 γ
1065 2555 1114 2593 (in
1139 2555 1280 2583 meuium
1312 2558 1438 2591 poetam
1471 2558 1553 2583 tern.
1581 2555 1676 2584 iamb.
1708 2553 1870 2592 podiens).
1907 2553 2052 2583 Inuisum
2088 2552 2151 2581 sibi

312 2614 457 2642 menium
484 2613 556 2642 deu.
585 2617 620 2642 ut
644 2613 711 2641 hor.
740 2615 903 2649 prematur
925 2610 1066 2649 procellis
1092 2611 1123 2639 in
1150 2611 1290 2639 menium
1317 2615 1445 2648 poetam
1472 2611 1618 2640 ternariii
1643 2611 1682 2639 D.
1721 2610 1790 2639 Non
1825 2611 1931 2639 uisum
1967 2609 2031 2639 sibi
2067 2617 2149 2638 meu,

313 2670 386 2699 deu.
414 2673 450 2699 ut
475 2670 526 2698 ho.
554 2679 601 2706 pr.
630 2673 728 2706 temp.
748 2668 844 2699 Teru.
875 2668 916 2696 ia.
936 2668 978 2696 bi.
1007 2668 1159 2705 epodicus
1177 2664 1230 2696 Ra.
1256 2667 1350 2696 Fran.
1377 2668 1473 2697 habet
1488 2667 1666 2705 perimatur
1686 2666 1870 2705 (perimitur
1887 2670 1970 2696 teste
1988 2664 2150 2703 Broukh.)

313 2735 368 2763 pro
389 2730 558 2764 prematur.
608 2725 643 2754 In
670 2725 809 2754 mcuium
836 2728 962 2762 poetam
981 2710 1076 2752 ὕει-η.
1096 2722 1162 2752 BC.
1192 2723 1260 2753 Ode
1278 2723 1391 2753 CXIII.
1419 2724 1455 2752 R.
1483 2724 1628 2762 Uterque
1654 2724 1814 2761 interpres
1840 2726 1926 2752 caret
1949 2725 2149 2760 argumento.

312 2782 381 2811 Hoc
407 2782 466 2812 ode
493 2786 662 2810 execratur
688 2781 827 2810 mcuium
854 2784 978 2818 poetam
1006 2780 1180 2817 pessimum
1206 2780 1291 2810 sicut
1316 2781 1397 2817 uirg.
1425 2781 1479 2819 qui
1506 2781 1544 2809 dc
1571 2790 1606 2809 eo
1632 2781 1675 2809 ait
1705 2780 1757 2818 (B.
1776 2780 1835 2815 III,
1856 2779 1932 2817 90):
1957 2778 2009 2817 qai
2031 2777 2150 2807 baaz'am

311 2848 371 2867 non
394 2839 458 2868 odie
480 2843 558 2867 amet
583 2843 633 2867 tna
659 2838 797 2867 carmina
820 2837 898 2866 meai
921 2841 1004 2875 atque
1021 2837 1098 2866 idem
1115 2837 1219 2876 z'wzyac
1233 2837 1336 2875 uulpes
1353 2842 1381 2867 et
1395 2837 1523 2876 vznlyeat
1538 2837 1657 2875 hyrcos.
1685 2837 1739 2875 qui
1757 2836 1832 2865 dum
1850 2837 2016 2874 ingressus
2035 2844 2148 2864 nauem

313 2904 376 2932 qua
401 2896 511 2930 uir-gil.
539 2896 676 2923 athenas
703 2899 814 2924 uectus
842 2899 888 2923 est
916 2895 978 2931 piis·
1005 2894 1266 2923 execrationibus
1300 2898 1487 2931 prosecutus
1521 2898 1569 2922 cet
1602 2894 1647 2922 ita
1678 2893 1818 2922 menium
1851 2896 1883 2922 et
1912 2901 2025 2921 nauem
2058 2891 2147 2920 illius

313 2952 394 2980 diris
420 2952 682 2980 execrationibus
709 2952 913 2988 prosequitur
939 2951 1109 2979 coniurans
1135 2954 1346 2987 tempestates
1373 2956 1401 2979 et
1428 2954 1549 2979 uentos.
1590 2953 1625 2978 ut
1662 2950 1762 2986 ipsam
1799 2958 1914 2977 nauem
1951 2948 2146 2986 opprimant.

313 3006 394 3036 conf.
421 3006 458 3039 C,
486 3008 539 3044 qui
568 3007 696 3043 longius
723 3007 819 3036 habet
844 3007 1000 3042 scholion,
1039 3007 1128 3035 cuius
1155 3007 1241 3044 prior
1266 3016 1337 3044 pars
1362 3006 1440 3035 facit
1466 3016 1536 3035 cum
1561 3015 1595 3047 γε
1634 3005 1822 3035 Profectum
1847 3005 1929 3034 male
1954 3005 2148 3041 imprecatur

313 3063 437 3092 maenio
465 3063 557 3100 eique
584 3063 753 3099 augurium
780 3064 847 3092 uult
875 3072 945 3091 csse
971 3063 1177 3092 contrarium.
1216 3067 1250 3092 ut
1277 3063 1392 3091 mediis
1418 3063 1644 3099 intercipiatur
1676 3062 1836 3091 fluctibus.
1875 3061 1914 3088 de
1939 3070 2000 3098 quo
2026 3063 2057 3089 et
2081 3060 2146 3088 uir-

314 3120 426 3156 gilius.
453 3120 507 3156 qui
535 3119 665 3147 bauium
692 3128 753 3147 non
779 3120 848 3148 odit
874 3124 959 3148 amet
984 3123 1039 3148 tua
1058 3119 1199 3148 carmina
1218 3119 1312 3148 mcui.
1339 3118 1400 3148 fuit
1419 3119 1501 3147 enim
1521 3119 1712 3148 obtrectator
1729 3117 1858 3147 horatii.
1878 3120 2016 3146 sectator
2033 3124 2145 3146 uocum

314 3176 530 3212 antiquarum.
585 3175 639 3211 18)
667 3176 791 3212 quando
819 3186 877 3204 om.
906 3176 935 3204 2.
963 3175 1014 3204 uel
1040 3185 1105 3204 cam
1130 3175 1165 3204 (le
1190 3178 1285 3212 portu
1312 3175 1340 3203 2.
1367 3175 1416 3203 uel
1443 3174 1477 3203 dc
1503 3178 1596 3212 portu
1615 3174 1682 3203 AR.
1709 3174 1775 3203 rell.
1803 3183 1861 3204 om.
1889 3173 1934 3202 de.
1960 3176 1996 3202 ut
2021 3190 2061 3193 ——
2088 3172 2144 3201 citi

312 3240 373 3260 om.
401 3231 461 3260 ΛΞ.
