2170 3460
829 113 877 144 IN
903 112 1046 145 CARM.
1074 113 1099 149 1,
1126 117 1158 143 4.
1860 100 1910 140 21

826 289 1183 333 PORPHYRION.

198 382 320 424 Haec
350 383 428 424 ode
459 381 512 422 ad
534 380 582 422 P.
603 379 786 422 Sestium
820 378 1098 421 Consularem
1130 380 1288 434 scripta
1319 386 1393 429 est,
1430 379 1511 435 [in]
1546 394 1640 433 qua,
1673 379 1916 420 describens

85 456 204 498 uerni
234 456 435 511 temporis
466 454 660 510 gratiam,
699 453 937 495 cohortatur
968 453 1021 493 ad
1053 453 1270 494 laetiorem
1302 452 1741 508 indulgentiorcmque
1772 452 1915 500 uitam,

87 530 328 578 admonens,
361 536 537 571 mortem
568 526 798 582 aequaliter
829 526 1023 567 omnibus
1054 526 1286 567 imminere.
1967 533 1984 560 5

203 604 238 643 1.
277 602 406 644 Grata
426 634 461 642 ..
524 601 692 642 Fauoni.
756 601 983 641 Fauonium
1013 606 1197 648 uentum,
1231 598 1303 653 qui
1326 597 1514 653 Ζέφυρος
1545 611 1696 651 graece
1727 597 1917 652 appella-

87 683 166 726 tur,
198 675 310 717 ueris
342 682 529 730 tempore
566 673 753 728 incipere
790 672 892 713 flare
930 672 1068 727 (ait?)‚
1111 679 1149 713 et
1189 673 1386 726 Verqilz‘us
1417 671 1533 713 testis
1565 678 1626 712 cst
1657 669 1733 723 (G.
1756 669 1790 719 I,
1823 672 1916 725 43):

96 749 188 790 Vere
226 764 330 790 nouo
367 748 524 803 gelidus
557 748 670 788 canis
703 761 791 788 eum
823 746 1019 787 montibus·
1051 746 1195 786 humor
1232 745 1483 801 Lz'qniturm'et
1515 744 1695 800 Zephyro
1720 744 1856 799 putris
1880 758 1920 783 se

87 822 229 877 qlaeba
259 822 438 863 resoluit.

205 895 269 936 10.
306 896 456 936 Terrae
494 908 607 949 quem
644 894 781 946 sertem
820 893 984 934 solutae.
1046 890 1202 932 Utrum
1239 889 1398 931 liberae
1437 896 1476 930 ct
1507 889 1635 930 cultui
1665 904 1750 931 non
1781 889 1915 931 inser·
1945 896 1986 927 10

91 968 253 1009 uientes
290 966 634 1021 intellegendum,
667 972 709 1006 ut
746 972 867 1020 prata
898 964 1138 1019 significare
1170 963 1375 1013 uideatur,
1417 977 1469 1003 an
1501 963 1703 1017 temperie
1736 969 1774 1004 et
1806 969 1923 1004 aestu

89 1041 198 1082 aeris
242 1039 421 1089 solutae,
479 1052 584 1093 quae
636 1037 762 1092 paulo
807 1044 902 1078 ante
946 1037 1104 1092 frigore
1150 1036 1300 1077 hiemis
1345 1035 1513 1077 strictae
1560 1042 1689 1076 erant.
1766 1034 1839 1077 Sic
1885 1042 1925 1076 et

96 1114 368 1169 Verqz'lz‘ammz
410 1111 514 1153 illud
548 1109 623 1166 (G.
645 1110 679 1161 Ι,
711 1111 786 1165 43)
818 1124 861 1151 se
898 1109 1041 1151 habet:
1094 1111 1143 1151 Ec
1181 1110 1358 1166 Zephyro
1400 1111 1531 1166 pulrz's
1576 1125 1616 1150 se
1660 1109 1802 1163 qlaeba
1847 1123 1921 1150 re-

91 1188 227 1229 soluit.

204 1260 268 1299 11.
301 1259 419 1302 Nunc
451 1268 483 1299 el
514 1259 556 1299 in
590 1258 787 1299 umbrosis
808 1258 951 1298 Fauno
984 1257 1092 1298 decet
1110 1256 1307 1297 inmolare
1329 1257 1442 1297 lucis.
1482 1254 1555 1297 Sic
1577 1262 1616 1296 ct
1643 1256 1750 1310 Verq.
1785 1254 1861 1306 (G.
1884 1254 1919 1305 Ι,
1950 1261 1989 1291 15

90 1333 186 1382 342,
218 1333 320 1386 341)
358 1331 469 1373 ueris
506 1337 670 1386 tempus
706 1336 850 1385 aptum
888 1329 1054 1371 rusticis
1091 1329 1142 1370 ad
1181 1328 1502 1370 sacrificandum
1541 1328 1662 1379 dicit,
1702 1328 1798 1382 quia
1830 1337 1926 1370 teme

91 1406 221 1447 somni
248 1405 384 1446 dulces
404 1403 468 1459 lle!
502 1412 597 1444 teme
627 1403 863 1445 mollissima
894 1402 1004 1443 uina.

206 1478 269 1519 12.
303 1477 382 1519 Seu
406 1484 549 1533 poscat
579 1491 698 1531 aqna.
759 1474 957 1516 Adtende
986 1475 1188 1517 feminino
1210 1489 1366 1530 genere
1388 1490 1544 1530 agnam
1566 1475 1764 1516 maluisse
1786 1475 1926 1517 dicere

92 1564 216 1605 quam
254 1564 427 1606 agnum,
468 1549 697 1591 secundum
735 1548 838 1589 illud
878 1549 1151 1602 Verqz'leanmn
1183 1547 1257 1603 (A.
1279 1547 1403 1597 VIII,
1438 1549 1560 1604 641):
1601 1550 1651 1589 En
1691 1564 1808 1590 caesa
1838 1550 1928 1590 iun-

90 1623 232 1678 qebant
260 1624 426 1677 foedera
449 1638 593 1679 porca.
653 1620 807 1663 Nescio
847 1621 948 1676 quid
979 1621 1091 1662 enim
1123 1620 1331 1675 quaedam
1363 1621 1619 1663 elocutiones
1650 1636 1726 1677 per
1757 1622 1925 1663 femini-
1953 1626 1994 1657 20

91 1711 191 1738 num
222 1710 355 1752 genus
386 1695 592 1751 gratiores
623 1695 742 1736 fiunt.

206 1770 271 1811 13.
304 1770 411 1811 Pall.
444 1795 496 1799 —
528 1777 564 1810 et
594 1769 794 1810 tabernas.
855 1767 939 1808 Per
971 1769 1158 1809 tabernas
1195 1767 1394 1823 uulgares
1425 1767 1572 1810 domos
1594 1767 1818 1824 significat,
1850 1782 1926 1823 per

94 1850 230 1885 turres
262 1841 443 1883 altiores.

209 1916 272 1957 18.
304 1916 387 1957 Nee
417 1929 543 1970 requa
575 1915 667 1956 uini
694 1919 858 1956 sortiere
890 1915 996 1955 talis.
1057 1913 1154 1955 Hoc
1185 1913 1238 1954 ad
1267 1914 1513 1969 magisteria
1534 1915 1809 1956 conuiuarum
1830 1929 1927 1970 per-

93 1988 209 2039 tinet,
242 2002 348 2043 quae
378 1988 558 2030 talorum
588 1986 767 2029 iactibus
800 1986 940 2028 sortiri
971 1986 1114 2028 solitos
1145 1992 1185 2028 et
1218 1988 1386 2029 Plautus
1416 1987 1625 2043 significat
1656 1988 1701 2029 in
1733 1986 1928 2043 Captiuis
1954 1992 1994 2023 25

95 2060 149 2116 (I,
183 2062 221 2112 1,
255 2062 314 2116 5),
346 2061 446 2103 item
476 2061 521 2102 in
550 2059 753 2101 Asinaria
785 2058 860 2114 (V,
893 2060 930 2109 2,
964 2060 1050 2114 54).

207 2193 361 2224 PORPH.
410 2193 462 2222 Ad
487 2193 637 2223 Publium
662 2192 803 2223 Sestium
829 2193 1060 2222 cons-uiatorem
1087 2192 1136 2231 (to
1163 2192 1255 2230 exp.)
1283 2192 1320 2221 R.
1345 2192 1414 2223 Hoc
1440 2202 1554 2223 nomen
1581 2195 1614 2223 in
1639 2198 1719 2224 uett.
1746 2195 1837 2224 codd.
1863 2194 1930 2224 Ho-

95 2250 170 2279 ratii
196 2251 288 2279 scrib.
316 2254 371 2279 aut
395 2249 520 2279 Sestius
545 2254 599 2279 aut
626 2248 761 2278 Sextius
787 2253 843 2278 aut
867 2249 1002 2278 Publius
1028 2248 1162 2285 Sestius,
1188 2248 1279 2278 Publ.
1307 2248 1412 2279 Sestus
1437 2254 1491 2279 aut
1516 2250 1607 2279 Publ.
1635 2249 1777 2287 Sextius,
1805 2250 1929 2280 Sestius

99 2305 252 2343 Quirinus,
279 2305 370 2336 Sext.
399 2306 498 2343 Quir.⁷
525 2305 607 2335 Sest.
635 2305 724 2340 Quir.
752 2306 806 2344 qui
833 2309 864 2334 et
889 2306 991 2334 Festus
1017 2305 1122 2334 dietus
1147 2308 1195 2334 est
1223 2304 1318 2347 (Βφ),
1345 2305 1437 2335 Publ.
1453 2305 1536 2336 Sest.
1554 2307 1604 2335 uir
1621 2307 1812 2344 consularis,
1838 2306 1930 2335 Publ.

97 2361 189 2391 Sext.
215 2372 299 2391 cons.
324 2363 384 2399 uir,
410 2362 502 2391 Publ.
529 2361 621 2392 Sext.
648 2362 835 2391 consularis.
865 2362 1031 2390 Praenom.
1063 2360 1176 2390 Lucius
1212 2370 1276 2390 non
1308 2365 1401 2391 extat
1427 2362 1459 2391 in
1484 2371 1530 2393 rv.
1566 2366 1597 2391 et
1622 2363 1796 2400 quaeritur,
1822 2367 1931 2391 utrum

97 2417 133 2447 L.
159 2417 333 2448 SESTIUS
360 2419 392 2448 iu
418 2428 514 2448 numo
540 2427 590 2456 ap.
616 2418 700 2448 Riec.
728 2418 774 2447 M.
802 2418 836 2446 F.
866 2417 903 2446 R.
929 2427 959 2456 p.
980 2417 1042 2446 212
1070 2421 1101 2447 et
1128 2415 1227 2447 Orell.
1254 2418 1294 2446 ad
1323 2418 1353 2446 h.
1380 2427 1407 2449 ο.
1435 2419 1520 2448 idem
1551 2428 1622 2448 eum
1644 2422 1759 2451 nostro
1785 2418 1931 2447 iudican-

98 2474 156 2503 dus
182 2474 234 2504 sit.

211 2529 246 2568 2)
273 2530 306 2558 P.
326 2529 466 2560 Sestium
483 2529 617 2560 MARG.
644 2530 678 2559 P.
698 2530 846 2560 Sextium
866 2531 894 2567 2,
920 2531 1048 2559 rvcafh.
1068 2529 1103 2558 L.
1123 2529 1274 2560 Sextium
1292 2531 1501 2560 consularem.
1529 2530 1565 2560 C.
1584 2531 1703 2568 scripta
1729 2535 1777 2560 est
1794 2530 1864 2560 MR.
1891 2535 1933 2560 est

99 2596 161 2616 om.
179 2596 204 2623 r,
231 2587 385 2625 scriptura
410 2596 440 2622 u,
467 2586 610 2615 scribitur
627 2585 722 2616 Cash.
774 2586 807 2624 2)
836 2596 898 2625 qua
912 2586 1026 2616 MGrv.
1054 2595 1135 2624 quae
1149 2586 1185 2615 R.
1210 2587 1321 2625 inqua
1346 2588 1436 2625 quasi
1462 2586 1513 2623 fh,
1542 2587 1573 2615 in
1597 2596 1656 2625 qua
1682 2596 1743 2616 om.
1762 2596 1790 2616 a.
1814 2587 1846 2616 in
1871 2597 1932 2625 qua

97 2642 189 2671 ueluti
213 2641 249 2671 C.
321 2643 355 2680 6)
383 2643 504 2671 Zefirus
528 2642 572 2671 Μ.
645 2642 678 2680 7)
713 2643 855 2680 incipere
887 2653 946 2672 om.
981 2642 1015 2672 C.
1048 2643 1124 2672 flare
1150 2646 1181 2672 et
1205 2644 1314 2682 uirgil.
1340 2644 1434 2674 testis
1466 2647 1514 2672 est
1543 2642 1595 2680 qui
1617 2642 1660 2672 sic
1684 2642 1727 2671 ait
1749 2643 1791 2672 M.
1817 2647 1845 2672 et
1868 2653 1930 2674 0111.

99 2698 211 2730 Cuafh.
237 2699 289 2738 qui
310 2699 352 2729 sic
377 2699 420 2728 (cit
442 2709 526 2730 omn.
553 2700 636 2728 libri.
687 2700 720 2738 7)
747 2710 835 2729 umor
847 2700 889 2729 M.
916 2700 1024 2739 zefyro
1041 2700 1083 2729 M.
1109 2700 1221 2738 glaeua
1237 2699 1281 2728 M.
1333 2699 1388 2737 11)
1415 2703 1441 2727 e!
1464 2702 1548 2727 aesta
1576 2699 1666 2727 codd.
1695 2703 1725 2728 et
1751 2699 1823 2728 edd.
1851 2704 1931 2729 tem-

99 2765 172 2793 pore
188 2754 262 2784 MG.
289 2756 372 2784 (ceris
390 2754 493 2793 ΜΗΘ,
519 2756 603 2784 ueris
622 2756 689 2784 afh.
709 2755 823 2785 Abuno
842 2755 892 2785 Sic
910 2760 937 2785 ec
960 2757 1000 2785 ad
1019 2757 1156 2786 alterum
1170 2752 1381 2798 ὁμοιόαρκτον
1399 2755 1449 2783 fh.
1468 2763 1529 2783 om.
1548 2755 1644 2783 uerba
1661 2754 1756 2793 Vcrg.
1774 2773 1817 2776 -—
1835 2756 1931 2794 Verg.

103 2812 159 2850 16)
194 2816 261 2841 tzmo
291 2812 342 2841 bis
372 2812 476 2848 codd.,
507 2811 643 2841 alterum
677 2812 747 2841 edd.
782 2812 938 2841 abiciunt.
1002 2812 1056 2851 18)
1091 2816 1198 2850 poscat
1231 2821 1345 2850 agnam
1368 2811 1476 2848 MR,r.
1504 2814 1616 2848 pascat
1647 2820 1731 2849 agna
1760 2811 1809 2840 fh.
1865 2811 1931 2841 Ad-

100 2868 196 2897 tende
219 2867 263 2897 M.
310 2867 364 2906 19)
392 2868 468 2905 quid
495 2868 580 2896 enim
598 2866 745 2903 M2G,rv.
765 2869 849 2897 enim
867 2868 944 2906 quid.
961 2868 998 2898 R.
1025 2869 1267 2906 quomcwloenim
1286 2877 1313 2896 a.
1340 2867 1423 2896 enim
1442 2866 1597 2904 quomodo
1615 2866 1663 2895 fh.
1712 2867 1770 2905 20)
1799 2868 1930 2906 eloquut.

100 2923 182 2952 Mrv.
209 2933 263 2961 per
286 2924 353 2953 tab.
380 2933 440 2953 om.
466 2923 506 2952 A.
554 2924 592 2952 Ec
616 2925 682 2953 tab.
709 2934 732 2952 r.
783 2924 840 2962 24)
867 2924 1076 2953 conuiuarum
1105 2923 1236 2959 MA2G‚
1272 2922 1492 2952 conuiuarium
1521 2922 1557 2959 R,
1595 2923 1663 2951 rell.
1702 2922 1930 2953 conuiuiorum.

100 2978 197 3008 Recte
222 2979 340 3009 dicitur
359 2980 514 3017 magister
533 2980 674 3009 conuiuii
694 2984 728 3008 ut
746 2980 875 3017 collegii
896 2983 927 3008 et
948 2979 1135 3018 magisteria
1156 2979 1375 3017 comnmnalc'a,
1402 2988 1463 3008 non
1486 2978 1676 3017 magisteria
1700 2979 1930 3009 conuiuiorum.

102 3035 160 3074 25)
185 3034 302 3065 ictibus
329 3034 447 3074 2G‚rv‚
471 3035 540 3065 rell.
567 3036 707 3065 iactibus
734 3035 876 3073 (actibus
901 3035 962 3075 M).
990 3036 1104 3065 solitus
1135 3038 1167 3064 et
1191 3034 1234 3064 M.
1260 3035 1356 3065 solita
1381 3038 1413 3065 et
1443 3034 1480 3064 R.
1506 3035 1575 3065 rell.
1608 3035 1717 3065 solitos
1749 3040 1791 3066 et.
1826 3036 1930 3066 sortiri

104 3091 250 3121 solebant.
274 3091 405 3131 αιιίἱςμιὶε
436 3091 516 3131 quod
539 3096 571 3122 et
596 3091 632 3123 C.
657 3093 778 3128 solitos,
805 3092 890 3130 quod
915 3095 946 3122 et
971 3091 1106 3121 Plautus
1131 3090 1182 3120 fh.
