2170 3460
143 949 177 980 10

197 145 276 185 162
827 148 932 180 Aen.
957 147 1016 178 ET
1042 145 1208 177 PORPH.
1236 143 1383 175 comi.

310 278 375 319 18.
418 276 616 318 dissidens
650 275 781 331 plebis
818 288 857 314 a.
888 273 1094 313 beatorum
1124 269 1241 310 emim.
1271 268 1364 308 w‘rl.
1427 263 1547 305 Ordo
1578 268 1659 303 est:
1690 261 1904 303 Prahaten
1934 261 2023 302 exi-

198 353 273 394 mit
301 364 475 392 numero
505 349 725 390 beatorum
755 347 906 396 virtus,
944 345 959 401 Η
990 358 1096 398 quac
1127 339 1285 397 plebi[s
1315 336 1508 393 numero]
1543 335 1740 385 dissidet,
1781 334 1795 391 Η
1839 334 1919 376 hoc
1949 340 2023 385 est,

199 440 306 481 quae
336 425 487 473 uirtus,
520 422 563 463 id
594 421 679 477 esfi,
711 420 918 476 sapientia
947 433 1031 459 non
1062 422 1124 457 est
1153 413 1267 468 apud
1296 411 1476 467 plebem.

312 499 378 540 20.
411 496 642 553 popalamq.
671 496 698 549 f.
730 495 766 535 (l.
801 494 870 534 uti.
932 491 1103 532 Dedecet
1142 501 1219 542 pro
1258 485 1463 526 dedocere
1501 482 1618 537 cupit
1656 482 1682 522 i.
1715 495 1749 522 e.
1782 481 2026 523 dissuadere

200 571 356 627 populo
388 570 555 611 beatum
587 569 726 609 dicere
759 581 872 614 eum,
920 563 991 618 qui
1028 575 1206 616 regnum
1245 566 1285 599 et
1315 557 1485 598 diuitias
1515 555 1747 611 possideat,
1794 554 1892 610 quia
1921 555 2027 596 falso

201 645 279 686 hoe
311 644 486 692 dicatur,
518 640 778 683 solummodo
809 638 929 678 illum
961 642 1000 676 et
1031 634 1205 675 diuitem
1237 638 1277 673 et.
1307 645 1451 687 regem
1483 635 1523 671 et
1553 643 1746 671 securum
1777 642 1867 670 esse
1899 628 2027 669 adfir-

206 732 338 767 mans,
369 717 440 771 qui
472 714 631 756 diuitiis
661 711 809 753 alienis
839 725 923 751 non
953 708 1154 756 inuideat,
1186 720 1263 747 nec
1295 719 1365 746 eas
1396 703 1680 758 concupiscat.

315 792 381 832 22.
408 802 549 845 propr.
581 788 604 827 l.
668 786 848 826 Laurum
878 798 956 839 pro
986 782 1149 831 laurea,
1192 794 1241 821 ae
1277 793 1354 834 per
1388 778 1469 819 hoc
1510 776 1691 832 gloriam
1720 775 2028 832 intellegamus,

200 865 410 919 propriam
440 868 579 902 autem
609 866 871 915 perpetuam.

317 937 379 976 19.
414 935 529 976 oculo
561 935 764 975 inretorto.
823 930 919 972 Hoc
951 936 1024 979 est,
1057 927 1177 970 oculo
1217 940 1302 967 non
1332 924 1539 967 inuidenti
1572 922 1635 980 [id
1666 929 1744 973 est,
1777 922 1917 964 animo
1947 937 2032 966 non

204 1007 560 1064 concupiscibili]

865 1155 1182 1212 CARMEN
1221 1154 1289 1222 n,
1331 1156 1376 1207 3.

1025 1266 1213 1311 AcRoN.

322 1377 505 1431 Aequam
536 1388 646 1415 mem.
676 1388 711 1414 r.
741 1387 784 1413 m
816 1387 852 1413 a.
883 1385 1048 1413 seruare
1078 1377 1256 1410 mentem..
1317 1365 1568 1422 Acqualem,
1600 1364 1903 1407 inmutabilem.
1948 1366 2037 1409 Me-

208 1458 347 1491 mento.
424 1448 474 1488 Id
505 1454 587 1497 est,
624 1446 783 1487 habens
813 1443 1112 1486 moderationis
1149 1441 1412 1497 propositum
1442 1454 1609 1495 semper
1644 1439 1688 1480 in
1719 1439 1881 1490 animo,
1919 1445 1963 1480 ut
1993 1438 2038 1480 in

211 1522 399 1564 aduersis
430 1521 526 1562 talis
557 1520 613 1562 sis
644 1519 779 1574 qualis
810 1519 853 1559 in
884 1516 1112 1574 prosperis.

326 1595 462 1651 [rebus
493 1595 533 1634 ἰἠ
566 1609 602 1634 a.
661 1592 869 1633 Aduersis
900 1598 938 1632 et
970 1588 1246 1643 difficilibus]

328 1795 360 1833 1)
386 1794 538 1823 Prahaten
565 1794 598 1822 M
635 1798 697 1825 ete.
736 1798 769 1823 ut
808 1802 913 1830 supra.
968 1791 1124 1821 Ordinem
1156 1794 1188 1820 et
1221 1791 1357 1819 alteram
1401 1793 1525 1828 partem
1562 1789 1678 1818 scholii
1713 1789 1759 1817 sic
1796 1789 2040 1829 constituerim:

212 1853 375 1882 Prahaten
402 1861 426 1880 e.
454 1861 541 1880 num.
569 1852 617 1880 be.
644 1851 750 1880 uirtus·
776 1850 940 1879 dissidens
965 1849 1061 1886 plebi.
1088 1858 1118 1877 u.
1151 1848 1201 1877 18.
1242 1847 1341 1876 Virtus
1366 1846 1512 1876 dissidens·
1529 1845 1629 1885 plebi]
1659 1847 1719 1875 hoc
1746 1850 1803 1883 est,
1830 1855 1911 1884 quae
1937 1846 2041 1875 uirtus

214 1911 234 1939 i.
261 1919 288 1940 c.
317 1909 487 1946 sapientia,
514 1918 576 1936 non
603 1912 650 1936 est
677 1907 761 1945 apud
787 1907 922 1944 plebem.
960 1906 1036 1935 Post
1061 1906 1158 1934 uerba
1182 1903 1278 1933 {circas
1302 1903 1449 1933 dissidens
1470 1903 1559 1941 plebi,
1586 1911 1665 1941 quae
1692 1903 1756 1932 iam
1779 1902 1873 1932 Fabr.
1900 1903 1933 1932 in
1958 1903 2043 1931 ordi—

214 1976 285 1995 nem
311 1966 440 2002 recepit,
469 1965 578 1994 codem
597 1968 759 2001 tamquam
784 1963 901 1992 lemma
927 1962 1062 2000 repetiui
1087 1971 1144 1999 pro
1170 1961 1276 1990 uerbis
1300 1969 1375 1998 qaae
1393 1959 1489 1998 plebis
1513 1968 1635 1989 numero
1660 1958 1791 1994 dissidet.
1818 1968 1898 1997 quae
1916 1960 1960 1988 sie
1978 1968 2043 1988 eor-

214 2027 311 2059 rnpta
336 2022 369 2051 in
395 2021 484 2050 codd.
512 2026 543 2050 et
568 2021 639 2049 edd.
666 2021 830 2058 leguntur.
880 2020 914 2057 5)
949 2019 1062 2056 populo
1088 2027 1172 2047 omn.
1198 2017 1285 2046 libri.
1312 2017 1395 2046 conf.
1424 2017 1499 2046 Aer.
1555 2017 1590 2055 6)
1616 2017 1693 2045 hinc
1717 2015 1764 2046 fh.
1790 2017 1860 2045 rell.
1887 2026 1948 2046 om.
1973 2016 2042 2045 hoc.

216 2078 331 2108 dicitur
356 2088 417 2108 om.
443 2077 533 2106 codd.
561 2082 593 2106 et
618 2077 688 2106 edd.
726 2076 773 2114 (et
798 2075 852 2114 vl)
886 2078 1013 2113 praeter
1039 2074 1085 2111 G,
1112 2078 1196 2103 teste
1223 2074 1264 2110 Q,
1292 2075 1346 2111 qui
1373 2074 1470 2102 habet
1496 2073 1632 2102 dicatur.
1673 2072 1756 2103 conf.
1784 2076 1857 2110 agac
1880 2082 1910 2102 u.
1939 2073 1955 2102 7
1983 2076 2043 2102 ete.

216 2135 250 2173 3)
277 2144 312 2163 ac
338 2133 494 2163 MAR‘ffi.
520 2134 590 2162 rell.
618 2143 679 2162 om.
706 2133 930 2169 intellegamus
954 2131 987 2160 M
1014 2130 1110 2169 (Gr).
1138 2130 1359 2167 intelligamus
1388 2130 1531 2167 AR2‚1·v.
1558 2129 1771 2167 intelligimus
1797 2130 1864 2159 at'h.
1917 2129 1971 2168 10)
1997 2129 2044 2158 'in-

215 2196 275 2221 ret.
303 2191 346 2220 M.
388 2192 419 2220 in
446 2194 503 2220 ret.
531 2200 575 2219 rv.
618 2189 685 2219 rell.
713 2190 804 2219 iri-et.
846 2188 879 2218 id
903 2192 949 2217 est
977 2189 1006 2217 2.
1050 2188 1138 2223 Quae
1176 2188 1266 2216 uncis
1304 2187 1427 2216 inclusa
1466 2190 1561 2223 suut,
1599 2186 1726 2215 Fabric.
1763 2196 1804 2216 ex
1839 2185 1863 2216 C
1901 2186 2044 2215 induxit.

217 2248 286 2277 rell.
322 2258 382 2277 om.

330 2303 489 2333 ACRON.
539 2303 567 2332 A
601 2302 823 2340 inscriptionis
855 2302 923 2330 loco
957 2301 1048 2329 metri
1074 2300 1221 2329 notitiam
1247 2300 1354 2330 habet.
1391 2301 1581 2330 Pal-anetiee
1605 2300 1647 2329 ad
1672 2300 1805 2330 dellium
1829 2300 1860 2328 b.
1902 2298 2046 2328 Parane-

216 2361 280 2390 tice
307 2361 403 2389 immo
429 2361 660 2399 symboleutiee
686 2360 783 2388 dellio
808 2356 941 2400 3BeCH
967 2362 1027 2387 ete.
1068 2357 1268 2386 Paranetice.
1301 2358 1534 2387 simboleutiee.
1569 2357 1677 2387 dellio.
1710 2357 1844 2386 dellium
1869 2356 2046 2394 alloquitur

217 2417 320 2455 adque
357 2418 543 2447 cohortatur
580 2426 651 2446 enni
683 2416 722 2445 ad
756 2416 931 2453 equitatem
963 2415 1062 2443 animi
1095 2419 1125 2444 et
1158 2415 1325 2451 uoluptem
1357 2414 1434 2453 (sie)
1464 2414 1515 2452 qm
1542 2413 1727 2453 (quoniam)
1755 2423 1841 2443 mors
1869 2416 2047 2451 sequutura

216 2474 358 2503 obnubet
383 2483 502 2502 omnes.
528 2473 591 2502 ER
617 2473 819 2511 (uoltiptatem
838 2489 878 2491 e*
897 2471 1070 2509 secutura).
1103 2471 1217 2500 Paran.
1240 2471 1337 2500 inimo
1362 2471 1454 2499 siml).
1490 2471 1529 2499 ad
1555 2470 1683 2500 bellium
1708 2470 1805 2500 Bern.
1831 2470 1868 2499 B.
1900 2469 1953 2499 Ad
1979 2469 2046 2499 del-

218 2531 307 2560 linm.
349 2530 418 2560 Ode
443 2530 515 2559 XLI
541 2530 565 2558 lt
593 2529 700 2568 (Aer.)
744 2528 795 2557 Ad
824 2529 961 2557 Gellium
989 2532 1019 2557 ct
1044 2528 1198 2557 moriture
1228 2528 1310 2557 Gelli
1338 2528 1461 2557 Comm.
1490 2518 1635 2566 Cruduii.

333 2587 389 2626 16)
427 2586 507 2616 Cum
532 2587 637 2616 Acron
663 2590 770 2615 careat
796 2586 828 2614 in
854 2594 936 2614 omn.
963 2583 1028 2613 fere
1053 2585 1146 2613 libris
1172 2589 1376 2622 argumento,
1414 2585 1559 2622 suspicor
1584 2585 1684 2623 ipsius
1722 2593 1791 2614 esse
1824 2583 1927 2621 illud,
1965 2583 2047 2621 quod

219 2644 309 2673 codd.
336 2643 463 2672 Horatii
491 2643 547 2672 El<
573 2643 748 2672 exhibent:
774 2642 918 2671 Dellium
943 2641 1037 2678 alloq.
1061 2658 1096 2662 -—
1117 2650 1238 2670 ornnes.
1267 2641 1474 2670 Venerabilis
1500 2641 1568 2670 cod.
1596 2641 1622 2670 E
1649 2641 1741 2679 plura
1764 2640 1902 2670 Aeronis
1927 2640 2049 2669 scholia

221 2701 261 2729 ad
288 2701 439 2730 Carmina
465 2701 619 2730 continet.
649 2701 666 2729 2
695 2700 789 2729 habet
817 2699 891 2727 hoe:
918 2698 1100 2736 Alloquitur
1125 2698 1239 2727 delium
1265 2699 1319 2735 qui
1350 2698 1515 2727 nesciebat
1541 2698 1659 2727 habere
1684 2698 1824 2726 modum.
1852 2698 1928 2735 quia
1952 2696 2048 2726 nimis

222 2758 381 2795 pr0>pt=ris
409 2758 594 2786 eleuabatur
625 2762 654 2786 et
687 2756 832 2785 aduersis
863 2756 1113 2792 deprimebatur.
1223 2755 1345 2793 Equam
1371 2755 1409 2783 A.
1452 2756 1584 2793 Aequam
1618 2758 1768 2783 memento.
1795 2755 1815 2783 i.
1842 2755 2009 2793 aequalem
2033 2749 2048 2795 ΙΙ

222 2813 419 2843 immutabile
445 2814 564 2843 habens
591 2823 690 2851 semp.
716 2813 798 2842 mod.
827 2813 1035 2850 propositum,
1062 2821 1122 2840 om.
1149 2812 1182 2840 in
1208 2812 1322 2840 animo.
1348 2822 1410 2840 mv.
1439 2812 1470 2840 in
1495 2815 1572 2840 mut.
1599 2820 1654 2852 ·s‚r.
1695 2810 1761 2840 Jam
1784 2811 1907 2839 liabens
1931 2810 1971 2839 A.
2011 2810 2050 2839 Id

223 2875 266 2899 est
295 2880 355 2898 om.
381 2869 416 2898 11.
457 2870 534 2899 habe
564 2869 619 2899 lG.
661 2869 703 2899 ἰια
727 2873 758 2898 ae
781 2870 896 2898 habeas
922 2868 988 2903 CQ.
1026 2869 1045 2897 i.
1078 2869 1194 2897 babeas
1219 2868 1299 2904 lta.
1332 2869 1400 2897 rell.
1428 2869 1448 2897 i.
1475 2867 1596 2897 habe-ns.
1624 2868 1658 2897 in
1683 2868 1789 2897 animo
1815 2877 1875 2897 om.
1901 2867 2048 2904 Rl,1nva.

222 2928 420 2965 propositum
446 2936 505 2955 om.
531 2936 557 2966 γ.
591 2927 673 2956 mod.
702 2935 790 2964 prop.
818 2935 917 2963 semp.
943 2925 973 2954 in
999 2934 1049 2954 an.
1076 2925 1134 2957 Aa·
1159 2931 1189 2954 et
1215 2925 1240 2954 R
1277 2925 1352 2963 (om.
1382 2926 1412 2953 in
1439 2925 1507 2963 an.)
1543 2924 1616 2953 hab.
1645 2933 1743 2961 semp.
1771 2933 1832 2953 mo.
1859 2924 1893 2952 in
1917 2933 1943 2965 γ.
1976 2924 1996 2952 i.
2023 2933 2049 2952 e.

223 2985 345 3013 habens
371 2984 453 3013 mod.
481 2994 569 3021 prop.
596 2993 694 3021 semp.
722 2983 752 3012 in
777 2982 884 3011 arduis
909 2986 938 3011 et
964 2983 997 3011 in
1022 2982 1164 3011 aduersis
1192 2986 1329 3011 mentem
1356 2982 1425 3011 dieo
1451 2983 1665 3018 temperatam
1698 2980 1737 3009 ab
1763 2979 1916 3009 insolenti
1948 2979 1969 3008 i.
2004 2978 2050 3008 in-

222 3042 388 3071 moderata
412 3041 540 3070 laetitia
566 3050 618 3069 sen
644 3041 830 3070 inconsueta
857 3040 886 3068 2.
913 3040 1035 3068 habens
1061 3049 1159 3077 semp.
1186 3038 1268 3068 mod.
1297 3039 1328 3067 in
1354 3048 1404 3067 an.
1434 3047 1522 3075 prop.
1547 3037 1593 3066 fh.
1655 3036 1709 3075 17)
1741 3040 1773 3065 ut
1796 3035 1827 3065 in
1852 3036 1925 3065 adu.
1951 3034 1990 3065 A.
2027 3035 2048 3064 i.

223 3102 255 3126 ut
277 3097 308 3127 in
331 3097 402 3127 adu.
428 3107 452 3127 r.
493 3097 512 3126 i.
539 3097 568 3126 ιἰι
594 3097 665 3126 adu.
692 3096 866 3134 R‚1nvasli.
908 3096 1014 3135 qualis
1041 3105 1102 3126 esse
1127 3095 1201 3126 soles
1226 3096 1256 3125 in
1282 3105 1390 3134 prosp.
1418 3094 1453 3124 H.
1496 3094 1594 3124 schol.
1621 3102 1681 3123 om.
1708 3094 1738 3122 b.
1790 3093 1845 3133 19)
1872 3092 1915 3131 gl.
1941 3093 1975 3122 in
1999 3090 2048 3122 fh.

223 3154 292 3184 rell.
320 3163 380 3184 om.
