2283 3535
275 570 292 599 25!

276 934 314 966 10

271 2032 312 2062 25

271 2397 288 2427 3
294 2398 312 2427 (⁷)

344 134 424 174 398
978 145 1081 178 Aen.
1107 146 1166 177 ET
1191 145 1358 178 PORPH.
1386 145 1533 178 COMM.

343 268 603 323 generositas
648 268 772 324 culpa
816 269 1114 317 dedecoratur,
1160 269 1240 310 nisi
1286 269 1417 325 digna
1461 269 1687 325 disciplina
1729 269 1833 311 haec
1877 276 2166 325 prosequatur.
2210 297 2219 300 -

343 340 498 382 Totum
527 341 606 382 hoc
637 348 775 383 autem
806 350 980 398 propter
999 341 1242 398 Augustum
1263 342 1429 393 dicitur,
1461 343 1504 384 in
1526 343 1643 384 cuius
1664 343 1788 384 domo
1801 339 1999 385 Nerones
2018 343 2168 385 uiden-

342 420 409 454 tur
439 413 710 469 disciplinam
740 415 907 457 uirtutis
938 416 1164 470 accepisse.

455 487 521 528 38.
554 502 587 542 q.
619 489 656 528 d.
689 504 722 529 o.
757 489 804 529 R.
836 490 885 531 N.
919 491 1024 530 testis
1056 490 1290 531 Metaurum
1317 489 1358 544 sl.
1394 497 1429 530 et
1460 489 1711 530 Hasdrubal.
1783 488 2002 530 Metaurus
2033 489 2168 531 amnis

343 557 510 600 Galliae
541 567 621 609 est,
654 560 769 601 iuxta
800 576 923 614 quem
954 560 1067 602 Nero
1098 561 1242 602 consul
1273 575 1367 602 cum
1400 559 1637 602 Salinatore
1669 561 1832 615 collega
1868 576 1942 603 suo
1972 561 2168 603 Hasdru-

341 631 480 672 balem
515 631 751 674 Hannibali
787 633 906 674 fratri
942 648 1015 674 suo
1064 634 1108 674 in
1152 633 1319 674 Italiam
1364 649 1566 688 magnum
1613 634 1841 675 exercitum
1892 635 2169 676 adducentem

341 704 510 754 deuicit,
542 705 675 746 caesis
706 720 833 759 supra
863 706 1048 760 quinque
1081 713 1119 747 et
1151 706 1432 762 quadraginta
1462 706 1643 747 milibus.

455 779 561 819 testis
591 779 826 820 Metaurum
851 780 891 834 fl.
935 778 1155 820 Metaurus
1185 779 1351 830 dicitur,
1383 794 1468 820 non
1487 779 1744 829 Metaurum3
1777 780 1851 821 sed
1879 780 2063 822 fluminis
2092 795 2168 822 no-

339 863 436 890 men
466 850 545 891 hoc
565 850 777 906 figurauit,
808 858 854 892 ut
883 852 985 893 alibi
1017 852 1091 907 (A.
1113 852 1162 893 P.
1187 852 1279 908 18):
1319 855 1399 893 Aut
1426 853 1575 908 flumen
1597 852 1782 894 Rhenum
1802 861 1871 894 aut
1893 854 2069 908 pluuz'us
2100 853 2168 895 de-

340 924 530 965 scribitur
561 939 696 972 arcus,
729 931 767 965 et
790 924 956 966 Sallust.
979 925 1106 979 (conf.
1130 925 1223 966 hist.
1254 926 1405 980 fragm.
1436 925 1517 974 III,
1540 927 1592 966 55
1623 924 1804 980 Kritz.):
1836 940 2055 981 nomenque
2075 927 2170 967 Da-

341 997 509 1038 nubium
538 997 661 1049 habet,
698 1007 743 1039 ut
774 999 827 1039 ad
861 998 1153 1040 Germanorum
1184 1008 1315 1040 terras
1346 1000 1541 1053 astre'uqe't.

452 1071 519 1110 41.
552 1072 622 1125 qul
641 1086 685 1126 p.
717 1087 752 1112 (ι.
784 1086 818 1112 r.
849 1087 885 1112 a.
918 1072 1074 1112 Adorea
1104 1071 1195 1111 laus
1225 1070 1378 1112 bellica
1408 1071 1575 1120 dieitur,
1608 1070 1796 1112 fortassis
1818 1070 1931 1125 quod
1961 1071 2182 1113 adorandi

340 1141 435 1193 sint,
467 1143 540 1197 qui
570 1143 738 1185 laudem
770 1159 820 1185 ex
853 1144 963 1185 bello
993 1151 1222 1199 reportant.

452 1218 519 1257 47.
550 1218 617 1258 48.
650 1227 682 1258 et
711 1219 832 1273 impia
862 1233 901 1259 u.
936 1219 978 1258 P.
1010 1226 1034 1259 l.
1062 1222 1095 1271 f.
1128 1218 1163 1258 d.
1196 1218 1232 1258 Ιι.
1263 1225 1401 1258 rectos.
1459 1215 1516 1256 Et
1546 1216 1603 1266 hi,
1635 1216 1783 1270 inquit,
1816 1231 1994 1271 quorum
2013 1216 2172 1272 templa

339 1288 383 1327 in
414 1287 537 1329 Italia
568 1304 592 1329 a
622 1289 779 1330 Poenis
808 1290 965 1331 uiolata
996 1297 1103 1340 sunt,
1150 1289 1301 1330 exinde
1333 1289 1435 1330 recti
1474 1303 1563 1330 esse
1602 1296 1830 1344 coeperunt
1859 1304 1936 1344 pro
1967 1289 2172 1331 Romanis

340 1361 542 1403 aduersus
574 1377 645 1403 eos
677 1369 862 1417 agentes.

454 1436 518 1475 51.
551 1444 752 1477 sectamur
781 1451 820 1477 u.
853 1451 886 1491 q.
919 1452 953 1478 0.
981 1438 1010 1490 s'.
1044 1452 1073 1478 e.
1107 1437 1176 1491 effi.
1209 1452 1239 1476 e.
1270 1443 1319 1476 tr.
1381 1435 1519 1485 Ultro,
1551 1435 1700 1489 inquit,
1732 1435 1842 1476 bello
1873 1436 2054 1490 petimus
2084 1435 2171 1476 Ro-

339 1522 498 1557 manos,
531 1523 708 1562 quorum
740 1524 888 1550 manus
919 1510 954 1550 si
985 1509 1270 1564 effugerimus,
1307 1508 1493 1564 gaudere
1515 1508 1730 1558 debemus,
1763 1508 2004 1563 similesque
2025 1508 2068 1549 in
2089 1508 2169 1550 hoc

340 1594 481 1622 sumus
513 1581 663 1631 ceruis,
696 1582 767 1636 qui
798 1582 906 1624 ultro
937 1583 1058 1637 lupos
1089 1583 1356 1631 insectentur,
1390 1596 1493 1635 quos
1525 1581 1683 1636 alioqui
1712 1582 1859 1637 fugere
1890 1582 2082 1623 debeant..

453 1656 517 1695 57.
551 1655 665 1696 (luris
696 1663 738 1696 ul
768 1657 793 1696 ἰζ
826 1664 850 1696 l.
883 1657 917 1696 b.
948 1671 987 1697 u.
1018 1657 1046 1709 f.
1076 1656 1128 1709 fr.
1160 1658 1184 1696 ί.
1218 1657 1263 1696 Α.
1325 1653 1445 1696 Ordo
1478 1662 1556 1695 est:
1590 1654 1651 1695 Ut
1681 1654 1764 1695 ilex
1794 1655 1943 1710 nigrae
1964 1662 2026 1696 est
2054 1655 2170 1696 fron·-

340 1726 404 1767 dis
436 1727 479 1766 in
509 1726 670 1782 Algido
701 1728 831 1769 feraci
863 1728 978 1769 duris
1013 1728 1267 1782 bipennibus
1297 1734 1429 1768 tonsa.
1506 1725 1664 1768 Sensus
1702 1733 1841 1769 autem
1878 1728 1947 1769 hic
1985 1734 2065 1769 est:
2112 1727 2174 1769 Ut

338 1798 434 1849 ilex,
468 1807 624 1854 quanto
656 1801 793 1856 magis
825 1800 1041 1842 securibus
1072 1801 1273 1850 caeditur,
1305 1806 1416 1840 tanto
1448 1799 1744 1841 corroboratur
1764 1800 1901 1856 magis
1923 1815 1972 1842 ac
1993 1800 2171 1842 reuiuis-

339 1872 407 1922 cit,
439 1873 496 1913 ita
526 1873 708 1914 Romani
739 1890 817 1929 per
847 1875 1002 1916 damna
1033 1875 1174 1915 caedis
1206 1888 1303 1915 suae
1334 1873 1527 1915 fortiores
1548 1873 1684 1914 effecti
1707 1880 1812 1914 sunt.
1872 1874 2027 1928 Nz'qrae
2055 1875 2171 1928 frou-

340 1945 401 1986 dis
433 1945 458 1986 i.
491 1960 525 1986 c.
557 1946 707 1988 uiridis
739 1952 830 2001 (aut
843 1949 881 2002 ?)
913 1947 1147 1988 umbrosae.

451 2020 516 2060 61.
548 2034 629 2061 uon
660 2021 696 2060 Ιι.
727 2036 757 2059 s.
777 2035 806 2061 c.
823 2021 853 2074 f.
871 2030 905 2062 et
926 2022 1094 2076 νεῖίιμια.
1157 2019 1411 2075 Opportuna
1433 2020 1705 2075 comparatio,
1738 2035 1821 2074 qua
1840 2019 2054 2061 Romanos
2083 2018 2174 2060 uult

337 2091 527 2147 intellegi
561 2093 690 2133 caede
722 2094 785 2133 sui
817 2093 1075 2148 potentiores
1105 2094 1208 2134 fieri.

451 2166 516 2205 63.
548 2174 712 2207 membr.
743 2167 867 2208 subm.
895 2167 933 2208 C.
955 2182 1005 2207 m.
1042 2168 1305 2208 Echioniaeue
1329 2168 1365 2208 T
1363 2167 1496 2207 hsebae.
1556 2165 1645 2208 Ubi
1667 2172 1922 2207 armatorum
1943 2179 2063 2221 seges
2085 2164 2172 2205 exi-

337 2237 425 2278 luit.
470 2238 556 2279 Per
585 2239 690 2280 hacc
719 2247 855 2280 autem
886 2240 1074 2295 intellegi
1106 2240 1207 2289 uult,
1239 2239 1432 2280 mirabile
1464 2253 1567 2289 esse,
1599 2254 1682 2280 non
1705 2240 1848 2280 deesse
1869 2238 2084 2280 Romanos
2114 2244 2175 2279 tot

339 2311 551 2365 tantisque
582 2311 787 2353 bellorum
819 2313 1010 2354 cladibus
1041 2313 1238 2367 acceptis.

454 2386 525 2426 68:
549 2394 729 2441 yerelque
742 2387 902 2441 proelia
925 2402 953 2427 c.
980 2388 1003 2427 l.
1049 2386 1205 2427 Utrum
1226 2400 1333 2440 quae
1355 2385 1435 2440 ipsi
1458 2384 1640 2426 Romani
1662 2384 1815 2425 milites
1837 2384 1950 2439 apud
1971 2383 2174 2439 coniuges

339 2472 434 2499 suas
465 2465 685 2508 ostentent,
719 2474 771 2499 an
805 2474 911 2513 quae
943 2460 1145 2514 coniuges
1176 2474 1320 2500 eorum
1352 2459 1403 2499 de
1434 2458 1597 2498 maritis
1629 2458 1714 2498 suis
1745 2457 2018 2512 praedicent?

451 2532 516 2572 70.
549 2533 692 2573 occidi(
722 2550 755 2572 0.
789 2548 819 2572 s.
851 2549 884 2573 o.
917 2548 944 2572 e.
976 2535 1004 2586 fi
1036 2548 1072 2572 η.
1104 2547 1144 2573 u.
1179 2533 1226 2572 ll.
1266 2534 1291 2572 τ’.
1372 2530 1493 2572 Hace
1540 2545 1689 2571 reuera
1732 2533 1972 2585 frequenter
2016 2529 2173 2571 dixisse

456 2682 487 2719 1)
513 2691 574 2719 qua.
599 2683 692 2719 eulpa
717 2682 786 2710 MR.
813 2692 867 2720 quc
892 2691 1015 2711 erasum
1043 2680 1080 2710 G.
1141 2682 1175 2720 2)
1202 2681 1318 2710 'Potum
1345 2682 1402 2709 hoc
1421 2680 1491 2709 MR.
1507 2681 1625 2710 Totum
1644 2684 1749 2709 autem
1776 2682 1834 2710 hoc
1864 2679 1987 2717 2Gr‚Q.
2013 2679 2082 2709 rell.
2107 2688 2171 2708 om.

338 2737 405 2765 hoc.
456 2739 490 2776 6)
518 2738 607 2767 italia
624 2738 666 2767 M.
688 2739 807 2767 italiam
824 2738 882 2768 112.
901 2738 932 2767 z‘n
960 2737 1077 2767 ltaliam
1102 2747 1162 2767 om.
1182 2737 1285 2766 rvash.
1339 2737 1372 2774 7)
1400 2746 1496 2774 supra
1525 2736 1751 2775 qninquaginta
1776 2737 1818 2766 M.
1868 2737 1903 2775 8)
1930 2737 2062 2766 flumine
2086 2744 2175 2764 nome

338 2793 381 2824 M.
409 2795 544 2823 fluminis
571 2804 683 2823 nomen
711 2795 746 2826 11,
775 2795 897 2824 sunnine
920 2795 1043 2824 nominc
1062 2794 1099 2823 G.
1129 2794 1235 2822 flumen
1260 2794 1388 2821 nomine
1415 2795 1486 2822 cdd.
1515 2794 1656 2823 fluminis
1684 2795 1814 2823 nomine
1833 2794 1862 2822 2.
1914 2793 1970 2832 11)
1997 2797 2024 2822 ec
2047 2793 2087 2821 ad
2104 2791 2168 2820 A2.

339 2850 397 2888 13)
423 2850 487 2879 siut
515 2851 556 2879 M.
583 2852 651 2880 rell.
677 2854 762 2880 sunt.
791 2850 942 2881 fortassis
967 2855 994 2879 el
1017 2851 1105 2879 ader.
1132 2850 1167 2879 R.
1237 2850 1291 2887 1-1)
1317 2849 1349 2877 (Ῑὶ
1372 2849 1412 2880 A.
1440 2850 1508 2879 rell.
1545 2850 1587 2879 Izi.
1616 2849 1662 2879 hii
1691 2860 1737 2879 rr.
1789 2850 1844 2887 15)
1879 2851 1965 2888 penis
1991 2849 2036 2878 M.
2063 2847 2175 2876 eat-inde

338 2905 465 2935 MH2G.
486 2908 560 2936 inde
579 2908 647 2936 edd.
667 2913 826 2937 sectamur
844 2908 887 2944 M,
906 2911 941 2937 ut
967 2917 1049 2937 omn.
1068 2907 1134 2936 fere
1152 2907 1240 2935 codd.
1260 2905 1336 2935 Iler.
1356 2910 1511 2935 sectemur
1530 2905 1618 2943 G‚rv.
1670 2907 1724 2945 17)
1744 2905 1911 2935 Sectainur
1928 2915 2007 2943 quos
2025 2903 2108 2935 bello
2125 2904 2172 2934 fh.

340 2962 433 2991 Ultro
461 2964 524 3000 inq.
552 2964 634 2992 bollo
660 2964 693 2992 M
718 2963 846 2993 RAQG.
912 2964 966 3002 19)
996 2965 1187 2992 inm-terum·
1211 2962 1310 2998 Mlfir.
1351 2963 1549 2991 insecuntur
1577 2963 1605 2991 ⁶2.
1632 2963 1719 3000 vulg.
1748 2963 1962 2991 insectantur.
2000 2979 2039 2981 *⁷⁴
2079 2962 2176 2990 debe-

338 3018 408 3047 baut
432 3019 477 3047 fh.
505 3019 601 3057 aliqui
628 3020 671 3048 M.
734 3020 791 3058 21)
819 3021 936 3057 bipcnn
977 3025 1009 3049 et
1035 3020 1160 3049 bibenn.
1187 3019 1230 3047 M.
1299 3018 1332 3056 2⁸)
1362 3019 1478 3047 uiridis
1503 3019 1545 3047 ml
1570 3020 1670 3047 umbr.
1697 3018 1739 3047 M.
1766 3017 1902 3046 admnhr.
1931 3016 1992 3046 QG.
2017 3017 2126 3046 uiridis
2150 3021 2177 3046 et

339 3076 437 3104 umbr.
464 3075 498 3103 R.
527 3076 641 3103 uirides
666 3078 765 3105 umbr.
792 3087 838 3105 rv.
866 3077 977 3106 uiridis
1002 3078 1102 3105 umbr.
1130 3076 1226 3110 ashQ.
1277 3075 1335 3113 25)
1366 3077 1476 3112 Oport.
1502 3075 1543 3103 M.
1584 3093 1623 3095 4—
1663 3084 1726 3112 qua
1752 3075 1786 3102 R.
1814 3075 1867 3111 qui
1894 3074 1964 3110 M,r.
1992 3074 2060 3103 rell.
2086 3075 2173 3112 quia.

340 3132 397 3170 27)
424 3132 540 3160 exiluit
568 3130 642 3160 MG.
670 3133 737 3161 rell.
766 3133 903 3162 exiliuit.
955 3132 1013 3171 31)
1039 3132 1209 3162 ostendent
1235 3132 1276 3160 M.
1303 3131 1449 3161 ostendet
1475 3132 1503 3159 2.
