2170 3460
837 119 886 150 IN
905 118 1041 152 CARM.
1070 119 1100 157 1,
1127 122 1177 150 15.
1868 109 1919 149 57

209 244 273 283 17.
305 243 446 299 Nuper
475 242 601 283 sollio.
634 255 667 296 q.
697 256 747 282 m.
782 242 965 282 taedium.
1025 239 1138 281 Ecce
1168 240 1238 281 hio
1268 240 1487 281 manifeste
1519 241 1699 282 ostendit
1730 255 1773 282 se
1796 247 1920 296 poeta

94 315 275 370 partium
305 314 427 356 Bruti
456 314 596 364 fuisse,
635 329 810 368 quarum
841 314 1060 355 affectione
1092 327 1181 354 sese
1212 313 1345 353 teneri
1376 313 1554 354 ostendit
1586 320 1759 368 propter
1788 313 1920 368 ipsius

93 387 214 429 Bruti
244 387 566 429 miserationem.

208 462 270 501 19.
303 461 416 502 Inter
435 462 529 514 susa¹
552 461 713 500 nitentis
746 461 840 500 Vites
862 474 1036 514 aequora
1063 459 1269 515 Cycladas.
1334 457 1419 499 Hic
1451 472 1596 499 sensus
1628 472 1703 512 per
1735 473 1777 499 se
1808 461 1919 500 acci—

92 533 271 589 piendus
302 541 340 575 et
371 532 706 574 subaudiendum
737 532 805 572 hic
835 532 995 582 suadeo,
1027 539 1070 572 ut
1101 531 1174 573 sit:
1207 532 1366 572 Suadeo
1387 532 1487 572 uites
1510 545 1685 585 aequora
1706 533 1807 572 inter
1833 533 1919 587 Cy-

93 608 230 648 eludas
259 608 424 648 nitentes
452 607 560 659 susa.
621 604 707 646 Sed
727 605 806 646 hoe
827 619 902 659 per
923 605 1168 659 allegoriam
1197 604 1538 659 intellegendum.
1601 603 1760 659 [Maria
1780 611 1919 644 tamen

92 679 335 735 angustiora
370 678 671 734 periculosiora
708 684 820 718 sunt:
862 693 960 718 nam
999 678 1096 718 inde
1134 684 1174 717 et
1209 678 1315 730 freta
1352 677 1560 726 dicuntur,
1599 677 1712 731 quod
1755 691 1920 731 semper

91 754 280 795 ferueant
320 752 562 806 (fremant‘P)
604 751 751 800 idest,
792 750 979 804 inquieta
1020 750 1134 805 sint]
1204 749 1288 790 Per
1326 750 1404 790 hoc
1445 764 1546 804 ergo
1589 750 1733 791 suadet
1773 749 1918 798 Bruto,

91 840 142 866 ne
165 839 208 867 se
239 824 463 866 artioribus
495 824 693 879 periculis
725 823 966 865 committat.

749 1061 1065 1116 CARMEN
1107 1062 1146 1128 1,
1189 1064 1265 1114 15.
1287 1024 1289 1026 ’

909 1171 1096 1215 ACRON.

203 1262 293 1305 Sub
325 1278 505 1318 persona
534 1262 704 1303 Paridis
735 1262 907 1317 exponit
937 1262 1184 1303 inminentia
1215 1261 1295 1303 Ilio
1329 1261 1490 1317 [mala]

203 1339 240 1377 2.
265 1337 459 1392 perfidus.
519 1335 632 1388 Quia
667 1336 710 1376 in
740 1336 865 1377 fidem
896 1335 1021 1377 amici
1042 1342 1235 1390 receptus
1270 1334 1598 1390 hospitalitatem
1633 1333 1830 1374 uiolando
1852 1334 1914 1374 fa—

91 1411 208 1451 cinus
240 1410 505 1452 commiserit.

202 1485 239 1526 3.
271 1486 430 1538 inqrato
462 1485 549 1525 olio.
608 1482 696 1524 Aut
725 1483 861 1524 uentis
894 1489 964 1523 aut
993 1481 1152 1522 Paridi.
1194 1482 1346 1544 obruit.
1395 1480 1626 1535 Mitigaust,
1659 1479 1917 1535 compressit.

202 1559 240 1598 4.
274 1565 443 1598 caneret.
515 1556 753 1606 Diuinaret,
800 1555 1076 1611 praediceret,
1120 1561 1163 1595 ut
1210 1555 1347 1609 (Verq.
1393 1553 1502 1596 Aen.
1548 1553 1625 1604 VI,
1664 1554 1759 1608 7ss):
1829 1553 1921 1609 Ipsa

92 1646 214 1673 canas
246 1646 326 1673 oro.

91 1753 185 1790 pictis
213 1753 373 1791 (deorum)
402 1753 608 1790 imaginibus,
635 1760 696 1780 non
723 1750 878 1780 schemati
905 1750 1089 1779 diuinitatis
1115 1750 1258 1785 alicuius,
1285 1750 1346 1779 diis
1372 1750 1449 1787 ipsis
1475 1753 1571 1778 nauta
1597 1751 1630 1778 in
1648 1749 1817 1786 naufragio
1837 1748 1918 1777 fidit.

90 1809 174 1838 Hinc
206 1819 314 1838 uocem
339 1808 501 1838 nobilitatis
526 1808 753 1845 interpolatam
787 1807 930 1843 suspicor
962 1815 1017 1843 pro
1042 1805 1145 1841 verevis,
1179 1809 1233 1834 aut
1265 1806 1361 1834 uerba
1394 1809 1568 1834 ornamenta
1601 1804 1763 1833 nobilitatis
1794 1804 1919 1841 glossae

89 1866 156 1895 loco
191 1867 354 1904 adscripta
380 1866 473 1894 alicui
498 1866 567 1894 uoci
594 1873 744 1902 graecae,
777 1864 845 1892 siue
870 1860 1037 1903 στέμματα
1064 1863 1128 1891 siue
1154 1862 1324 1905 σχήματα,
1357 1866 1451 1899 atque
1478 1862 1579 1890 scrius
1605 1862 1763 1890 translata
1790 1864 1820 1889 ct
1844 1859 1920 1888 Por-

91 1922 256 1960 phyrionis
291 1923 410 1951 scholio
436 1922 567 1950 inserta.
617 1919 774 1950 Confcras
800 1918 847 1948 C:
875 1937 917 1939 ——
951 1919 981 1947 ‘in
1008 1918 1079 1947 hello
1103 1923 1254 1947 stemmata
1281 1923 1308 1947 et
1337 1918 1374 1956 (i.
1401 1917 1462 1956 e.‘?)
1490 1917 1651 1947 nobilitatis
1676 1921 1862 1951 ornamenta,
1890 1920 1918 1944 et

91 1979 187 2007 schol.
213 1979 323 2017 utique
348 1979 452 2007 uersui
479 1980 515 2007 11
543 1977 783 2015 adiungomhun
809 1976 869 2004 tibi
895 1976 1066 2004 uidebitur.
1101 1971 1212 2016 ἀλλ-κῃ.
1239 1984 1300 2005 om.
1329 1974 1365 2003 R.
1392 1971 1492 2015 ἀλλιγ.
1518 1985 1564 2004 rv.

205 2036 239 2073 5)
266 2033 506 2064 Subaudiendus
532 2034 636 2062 rvath.
684 2032 730 2062 Ut
756 2033 816 2061 sit:
843 2030 968 2060 Suadeo
994 2041 1053 2060 om.
1079 2031 1185 2059 rvafh.
1235 2031 1339 2060 Verba
1366 2031 1472 2060 illaria
1502 2049 1536 2051 —
1564 2030 1692 2068 ltzqzcietsc
1712 2030 1770 2059 sint
1795 2031 1825 2058 in
1856 2039 1920 2057 om-

91 2092 183 2121 nibus
208 2091 299 2120 libris
324 2091 354 2120 11.
381 2092 402 2119 l.
426 2091 533 2128 posita
559 2090 599 2118 ad
625 2089 776 2118 carminis
802 2089 930 2125 subseq.
959 2087 1084 2116 initium
1111 2086 1303 2125 (persi-cta)
1331 2091 1472 2124 spectare
1498 2086 1707 2116 manifestum
1733 2091 1790 2115 est.
1838 2086 1921 2114 Item

90 2151 180 2185 patet
193 2146 336 2186 fremant
350 2156 407 2185 pro
421 2145 571 2185 fermenne
594 2154 662 2174 esse
686 2145 853 2183 legendum
879 2147 992 2173 contra
1017 2144 1159 2172 omnium
1186 2153 1262 2181 quos
1289 2145 1363 2173 noui
1381 2144 1540 2173 ‘librorum
1565 2144 1792 2172 auctoritatem
1825 2146 1922 2179 atque

92 2205 233 2244 Etymol.
251 2204 374 2241 Vossii3
400 2213 472 2232 nam
490 2203 600 2239 maria,
626 2202 739 2238 undae,
766 2202 866 2237 uenti,
892 2202 980 2238 ripae
995 2199 1136 2239 fremunt
1160 2201 1266 2238 potius
1292 2209 1385 2238 quam
1399 2199 1536 2238 seruent.
1565 2201 1654 2228 Acstu
1673 2199 1802 2237 quidem
1816 2197 1922 2236 fetam

92 2261 225 2299 pelagus
250 2260 334 2289 Stat.
361 2259 439 2289 Silu.
457 2259 511 2296 IV,
539 2259 575 2296 5‚-
590 2259 639 2296 16,
665 2258 766 2288 littora
780 2257 915 2295 flammis
932 2257 1027 2295 Verg.
1045 2257 1084 2286 A.
1104 2256 1157 2293 IV,
1178 2258 1240 2286 5⁴35
1255 2256 1517 2295 scructqaefivffs
1534 2255 1716 2294 spii-antibus
1734 2256 1754 2284 i.
1773 2259 1921 2284 aestuan-

90 2318 175 2346 tibus
200 2326 311 2355 aequor
334 2316 427 2354 Verg.
455 2314 493 2345 G.
525 2315 556 2352 Ι,
584 2316 666 2351 327,
705 2323 806 2352 neque
844 2315 956 2352 ignota
996 2317 1069 2343 sunt
1095 2313 1187 2352 freta
1213 2317 1366 2351 aestusque
1404 2312 1517 2342 marim
1550 2313 1634 2349 apud
1673 2311 1857 2341 Ciceronem
1892 2315 1921 2338 et

92 2373 192 2411 ipsius
217 2372 346 2401 Horatii
372 2372 473 2402 nostri
487 2370 578 2410 fieta
602 2374 748 2400 aestuosa.

203 2428 363 2459 ACRON.
410 2428 603 2465 Ypothetice
627 2427 800 2457 ten-aeolos
841 2427 881 2455 ad
906 2427 1049 2464 paridem
1076 2426 1298 2455 alexandrum.
1341 2427 1399 2455 sub
1426 2427 1515 2455 cuius
1540 2434 1676 2463 persona
1703 2425 1836 2462 exponit
1862 2425 1921 2452 im-

92 2486 250 2515 minentia
281 2485 336 2514 ilio
377 2494 393 2526 γ
433 2488 465 2513 et
497 2484 583 2513 Pith.
616 2483 655 2512 ad
680 2483 764 2512 Mod.
796 2484 890 2514 1474.
928 2483 1027 2521 ipoth.
1054 2486 1165 2512 tetrae.
1193 2484 1250 2512 sub
1275 2492 1411 2520 persona
1430 2481 1556 2520 paridis
1581 2491 1654 2519 exp.
1683 2482 1770 2510 imm.
1797 2480 1862 2509 illio
1888 2481 1917 2508 b.

93 2542 132 2570 ad
157 2542 371 2570 alexandrum
395 2541 538 2579 paridem
573 2540 612 2569 A.
646 2540 738 2569 inser.
770 2540 818 2568 od.
853 2544 884 2568 et
915 2540 1026 2569 seholl.
1076 2539 1141 2569 Sub
1167 2549 1252 2577 pers.
1280 2549 1346 2577 par.
1373 2548 1447 2577 exp.
1475 2540 1560 2568 imm.
1588 2539 1643 2567 ilio
1670 2538 1847 2575 bipotetice
1873 2540 1920 2565 te-

92 2598 240 2627 tracolos.
267 2598 324 2626 ode
348 2597 406 2626 XV
430 2597 468 2627 R.
516 2596 581 2626 Sub
607 2606 638 2634 p.
665 2605 695 2633 p.
723 2604 748 2624 e.
775 2596 795 2624 i.
822 2596 842 2624 i.
866 2597 1067 2633 propotetice
1092 2600 1207 2625 tetrac.
1237 2598 1263 2624 1.
1313 2596 1515 2633 Argumento
1540 2598 1645 2623 carent
1665 2594 1720 2622 Ar.
1773 2592 1827 2631 10)
1853 2593 1916 2621 Pa-

91 2653 170 2683 ridis
193 2663 276 2683 omn.
302 2655 377 2683 libri
402 2656 527 2691 praeter
553 2651 589 2689 C,
616 2652 669 2690 qui
694 2652 767 2681 hab.
793 2651 900 2681 Nerei.
925 2651 1006 2681 mala
1030 2651 1076 2680 fh.
1130 2651 1186 2689 11)
1214 2652 1311 2680 schol.
1340 2661 1401 2680 om.
1429 2651 1490 2679 Ab.
1518 2649 1599 2684 Quia
1625 2650 1658 2678 iu
1685 2649 1736 2677 fid.
1763 2657 1823 2679 am.
1848 2649 1915 2678 hos-

93 2711 151 2748 pit.
185 2711 259 2739 111111.
292 2709 485 2739 commiserit
515 2708 671 2750 ·,‘G‚mva.
720 2708 921 2737 commiserat
958 2709 997 2736 11·
1031 2707 1139 2746 (amici
1165 2712 1191 2736 et
1214 2708 1320 2746 hosp.)
1354 2708 1391 2735 fh
1419 2711 1449 2735 et
1475 2705 1499 2734 C
1540 2706 1744 2743 (liospitalite
1770 2704 1918 2742 uiolata).

92 2766 195 2795 Verba
230 2770 365 2804 receptus
403 2770 433 2795 et
460 2765 591 2804 suemus
629 2774 669 2793 ex
706 2764 733 2793 R
769 2765 883 2801 petiui.
933 2764 1152 2801 Expectamus
1178 2765 1263 2792 enim
1288 2763 1432 2792 absolute
1460 2763 1580 2791 dictum
1611 2761 1789 2790 committere
1814 2765 1918 2790 contra

81 2822 187 2860 fidem,
213 2827 248 2852 ut
272 2826 377 2851 contra
401 2821 499 2860 leyem.
526 2820 594 2850 Cic.
623 2820 714 2850 Orat.
735 2821 786 2857 12,
813 2821 881 2849 siue
907 2820 1085 2849 committere
1109 2819 1140 2848 in
1165 2819 1408 2857 lzospitafflatevz,
1435 2821 1470 2846 ut
1495 2817 1526 2846 in
1552 2816 1649 2856 leqcm.
1677 2816 1743 2847 Cic.
1770 2818 1859 2846 Verr.
1884 2817 1908 2853 Ι,

93 2879 135 2908 43
161 2883 191 2907 et
214 2878 371 2907 Pandect.
396 2877 532 2914 XLIIX⁷
563 2878 618 2913 10,
648 2878 704 2914 10,
746 2878 814 2905 siue
838 2876 978 2914 infidem
1003 2881 1029 2905 et
1052 2876 1280 2914 hospitalitatem
1305 2873 1382 2911 (om.
1408 2873 1575 2911 uiolando).
1602 2873 1748 2902 Liberius
1775 2874 1792 2901 ‘2
1813 2882 1819 2899 z
1848 2873 1921 2910 quia

96 2934 173 2972 (om.
201 2934 355 2972 infidam)
383 2935 643 2972 hospitalitatem
668 2933 764 2962 amici
789 2933 942 2962 uiolando
968 2932 1168 2969 &fidelitatem
1193 2929 1353 2960 commisit.
1383 2929 1441 2966 13)
1469 2929 1556 2957 uenti
1577 2929 1631 2970 «sR.
1665 2933 1777 2958 uentos
1802 2939 1825 2958 r.
1852 2929 1920 2957 rell.

93 2991 204 3019 uentis.
247 2991 342 3028 gloss.
368 2991 406 3019 ad
432 2989 529 3019 obruit
553 2999 614 3019 om.
639 2998 665 3030 γ.
706 2989 863 3026 oppressit
891 2989 920 3016 ⁶2.
963 2988 1131 3025 impediuit
1156 2987 1207 3016 uel
1233 2986 1372 3014 coercuit
1398 2984 1459 3026 Bcp.
1512 2985 1566 3023 14)
1593 2985 1709 3014 Totum
1735 2985 1834 3014 schol.
1860 2993 1920 3012 om.

95 3047 132 3074 Λ.
167 3046 359 3084 praediceret
384 3056 444 3075 om.
477 3045 629 3082 lG‚mva.
671 3045 827 3074 (lluz'tzarct
860 3054 920 3073 om.
949 3045 1058 3085 *sR2,r.
1084 3048 1115 3072 vl
1134 3042 1331 3080 praedicaret
1355 3051 1371 3082 γ
1399 3041 1483 3079 (rell.
1512 3041 1602 3079 om.);
1631 3042 1795 3070 diuinaret
1821 3044 1855 3068 ut
1880 3057 1921 3060 -ψ

93 3110 145 3130 oro
170 3111 252 3131 mva.
292 3103 393 3132 diuin.
418 3102 558 3140 praedic.
585 3101 630 3131 fh.

1948 1266 1987 1295 lu

1947 1631 1986 1660 15
