2170 3460
850 255 899 286 IN
926 254 1070 286 CARM.
1097 255 1157 293 111,
1183 260 1214 287 3.
1865 248 1944 288 261

235 379 298 419 65.
333 386 392 418 ter
422 379 459 418 si
484 385 673 431 resmyal
692 390 798 417 mur.
822 391 979 417 aeneus.
1040 376 1125 418 Pro
1147 376 1278 417 nimia
1299 377 1541 419 fortitudine
1563 379 1686 419 dixit:
1718 379 1787 420 hic
1809 386 1946 420 autem

121 451 311 505 quotiens
342 456 537 505 reparata
567 450 704 499 suerit,
737 449 983 491 diruendam
1015 449 1129 499 (licit,
1162 457 1206 490 ut
1236 449 1399 490 finitum
1421 465 1497 503 pro
1519 450 1680 492 infinito
1702 459 1844 506 ponat,
1876 460 1946 492 aut

120 531 182 565 ter
212 523 385 564 Troiam
417 523 623 579 signifieat
656 522 827 576 perisse,
875 523 1002 563 semel
1034 522 1086 564 ab
1118 522 1318 573 Hercule,
1365 522 1548 564 secundo
1590 539 1615 563 a
1656 523 1833 566 Graccis
1871 540 1947 579 pro

122 596 409 652 (repetendaP)
441 596 621 645 Helena,
653 595 775 637 tertio
807 611 831 636 a
862 594 1067 636 Fimbria.

235 671 298 711 67.
331 678 389 711 Ier
410 685 530 711 uxor.
591 669 776 721 Quidam
798 668 1129 711 Andromachen
1151 669 1339 725 intellegi
1360 669 1503 712 uolunt
1525 677 1697 725 propter
1717 669 1945 712 Hectorem
1999 680 2016 707 5

122 751 160 785 et
191 743 466 798 Astyanacta.

235 818 298 857 69.
330 831 409 858 non
440 817 513 858 lzoc
544 817 696 858 iocosae
729 817 936 858 conueniet
967 817 1090 872 lyrae.
1164 816 1308 857 Verba
1338 824 1500 871 poetae,
1543 817 1587 857 id
1618 823 1691 867 est,
1733 832 1818 859 non
1850 817 1949 857 talia

123 890 375 932 conueniunt
405 896 571 931 nostrae
603 889 893 944 propositioni.
955 887 997 929 A
1018 888 1201 930 Junonis
1231 889 1375 930 uerbis
1406 891 1449 931 111
1471 905 1514 932 50
1536 897 1659 945 poeta
1681 891 1949 932 conuertitur.

238 964 302 1005 70.
328 965 543 1020 pernicem.
603 962 686 1004 Vel
716 963 935 1004 licentiosa
965 963 1033 1003 uel
1071 962 1429 1017 reprehensibilis.

235 1040 300 1079 72.
333 1038 473 1079 modis.
531 1035 895 1078 Modulationibus
926 1042 1167 1078 metrorum.
1978 1045 2018 1075 11]

855 1146 1218 1210 PORPHYRION.

234 1242 397 1282 Justum
428 1255 475 1282 ac
506 1249 578 1282 ten.
596 1257 636 1297 p.
666 1257 705 1282 u.
767 1239 883 1296 [Non
904 1246 963 1281 est
986 1239 1068 1280 alia
1088 1239 1193 1281 haec
1213 1239 1292 1280 ode
1314 1253 1440 1294 quam
1462 1239 1665 1294 superior,
1698 1240 1772 1281 sed
1793 1240 1855 1280 illi
1871 1241 1948 1281 ad-

240 1328 273 1367 1)
292 1328 353 1357 Pro
372 1329 448 1357 111111.
466 1327 540 1357 fort.
561 1328 647 1357 dixit
665 1337 690 1369 γ.
709 1328 777 1357 rell.
798 1338 856 1357 om.
876 1327 928 1356 hic.
946 1331 1052 1356 autem
1069 1327 1124 1367 71³.
1144 1327 1212 1357 rell.
1232 1328 1285 1356 1110
1301 1331 1361 1356 aut.
1402 1328 1436 1366 2)
1454 1327 1552 1357 fuerit
1570 1328 1649 1357 troia
1662 1327 1699 1357 A.
1719 1329 1911 1357 diruendum
1927 1338 1953 1370 ‘o'-

126 1384 160 1424 3)
180 1385 263 1423 sign.
281 1386 355 1414 troi.
374 1385 495 1422 perisse
513 1384 574 1414 Ab.
592 1385 659 1414 rell.
679 1388 720 1414 tr.
742 1385 826 1422 sign.
845 1384 975 1421 periisse
995 1383 1133 1421 (perisse
1149 1383 1250 1425 yar).
1284 1383 1320 1424 3)
1339 1386 1456 1414 iterum
1476 1383 1511 1414 C.
1530 1385 1598 1414 rell.
1624 1386 1773 1414 secundo.
1809 1386 1844 1424 4)
1864 1395 1954 1423 repe-

125 1443 221 1472 tenda
239 1441 307 1476 CQ.
325 1442 395 1471 rell.
415 1452 474 1471 om.
524 1441 558 1480 5)
575 1442 613 1470 Et
629 1451 710 1471 uxor
728 1441 768 1470 A.
789 1459 830 1461 —
842 1450 902 1479 per
919 1441 1082 1470 hectorem
1105 1442 1133 1469 1.
1184 1441 1219 1480 6)
1239 1440 1423 1470 astianacta
1439 1451 1466 1483 γ.
1485 1441 1695 1471 hastianacta
1711 1441 1748 1470 A.
1768 1445 1956 1479 astyanacta

124 1499 215 1535 R1‚a.
242 1502 466 1538 astyanactam
490 1508 513 1527 r.
539 1497 730 1537 astyanatlza
753 1507 793 1526 m.
812 1501 1024 1537 astyanattam
1040 1508 1071 1527 v.
1091 1497 1309 1536 Astyanacten
1327 1497 1374 1527 fh.
1425 1496 1459 1537 7)
1478 1498 1575 1527 schol.
1595 1508 1655 1528 0111.
1674 1499 1705 1528 b.
1724 1508 1786 1528 non
1806 1499 1861 1526 11οο
1878 1497 1905 1526 Α
1924 1499 1956 1527 in

124 1556 201 1585 Hor.
221 1560 252 1585 et
278 1556 311 1584 111
336 1555 421 1592 Aer„
447 1555 607 1596 *sbRn-mv,
635 1559 670 1584 ut
694 1564 787 1584 omne
812 1553 877 1584 fere
894 1557 974 1583 uett.
995 1554 1098 1590 codd,
1124 1554 1193 1583 rell.
1211 1554 1297 1583 haec.
1321 1555 1485 1584 conueniet
1500 1554 1529 1583 A
1548 1554 1738 1594 (conueniat
1757 1555 1790 1583 in
1808 1555 1902 1593 Hor.)
1922 1558 1957 1584 ut

124 1612 253 1650 plurimi
279 1616 359 1641 uett.
387 1612 522 1642 codices.
548 1621 594 1654 ·(‚r
619 1622 679 1642 om.
707 1613 740 1641 in
765 1613 881 1648 lemm..
908 1611 1079 1641 conueniat
1103 1611 1123 1639 b
1150 1611 1182 1639 111
1200 1610 1278 1639 Hor.
1305 1615 1340 1640 ut
1367 1610 1457 1641 HOP
1483 1615 1514 1641 et
1540 1613 1634 1649 pauci
1660 1612 1751 1641 codd.
1777 1621 1854 1649 ree.‚
1882 1621 1955 1640 con-

124 1669 214 1699 uenit
238 1679 269 1698 v.
296 1669 488 1699 conueniant
513 1678 541 1697 a.
591 1668 762 1698 Lectiones
789 1668 934 1697 conuenit
959 1672 990 1698 et
1015 1668 1206 1698 conueniunt
1230 1677 1271 1696 ex
1297 1667 1430 1697 scholiis
1457 1672 1555 1698 ortae.
1602 1669 1673 1698 Par.
1706 1667 1748 1697 C:
1787 1677 1852 1697 nou
1885 1678 1957 1697 con-

125 1725 214 1754 uenit
239 1725 345 1763 inquit
380 1725 471 1754 lirieo
504 1725 636 1754 carmini
664 1725 826 1754 seueriora
861 1725 948 1762 loqui
985 1725 1041 1753 sed
1078 1725 1187 1753 iocosa
1219 1728 1251 1753 et
1283 1725 1322 1753 de
1356 1725 1515 1754 amoribus
1549 1734 1634 1754 more
1669 1734 1726 1754 suo
1759 1734 1859 1762 agens
1897 1728 1956 1754 etc.

127 1783 314 1812 conuenient
338 1782 451 1811 11101110.
479 1781 517 1816 Q.
567 1799 606 1802 m
654 1781 760 1811 Verba
785 1785 898 1819 poetae
923 1791 949 1824 γ.
976 1782 1046 1811 rell.
1075 1792 1137 1811 om.
1176 1781 1209 1809 id
1235 1785 1283 1810 est
1307 1791 1371 1811 non
1399 1799 1435 1802 ›-
1464 1782 1670 1819 propisitioni
1697 1791 1757 1811 om.
1783 1781 1823 1810 A.
1859 1782 1957 1811 schol.

128 1849 189 1869 om.
215 1840 246 1868 b.
312 1838 346 1877 8)
374 1847 478 1876 praep.
512 1839 541 1867 2.
606 1838 640 1876 9)
664 1839 714 1868 uel
736 1839 789 1868 lic.
817 1839 868 1867 uel
893 1847 958 1876 rep.
985 1838 1042 1879 Αγ.
1075 1838 1126 1867 lic.
1155 1847 1219 1876 rep.
1245 1837 1287 1866 Rl
1299 1838 1355 1875 2,1·.
1383 1839 1450 1867 rell.
1477 1839 1528 1867 lic.
1555 1839 1607 1867 uel
1632 1848 1699 1876 rep.
1767 1839 1822 1877 10)
1848 1839 1959 1868 modu-

126 1895 254 1925 lationis
278 1894 324 1924 fh.
357 1895 632 1925 modulationibus
657 1894 824 1924 carminum
849 1896 879 1924 2.
913 1895 1045 1924 modull.
1072 1894 1177 1933 lyricis
1204 1893 1240 1923 C.
1268 1912 1308 1915 ψ-
1353 1894 1478 1924 Glossae
1502 1904 1539 1924 ex
1562 1905 1598 1937 γε
1626 1905 1654 1924 11.
1682 1896 1711 1924 6.
1739 1904 1842 1924 manus
1874 1895 1959 1924 iouis.

129 1962 153 1981 s.
181 1953 287 1990 quatit
313 1952 416 1983 illum.
478 1953 506 1981 7.
523 1951 651 1991 fluetus
676 1952 784 1981 illisus
809 1951 865 1993 γΟ.
905 1951 1070 1981 inlabatur.
1097 1951 1202 1981 irruat
1227 1956 1253 1980 et
1276 1955 1371 1988 capat
1395 1960 1421 1991 γ.
1462 1949 1546 1980 mab.
1573 1955 1656 1987 ruat,
1684 1951 1777 1980 cadat
1806 1950 1840 1980 C.
1906 1952 1956 1980 10.

128 2018 213 2038 arces
237 2009 340 2038 celum
363 2018 390 2050 γ.
416 2008 540 2038 caelum
563 2008 709 2037 stellatum
733 2007 766 2037 C.
803 2007 910 2047 attiyit.
937 2009 1062 2046 tetigit.
1121 2009 1176 2047 11)
1206 2007 1284 2041 Quos
1308 2006 1386 2036 inter
1411 2007 1434 2036 i.
1461 2007 1546 2036 inter
1571 2007 1729 2045 pollucem
1757 2012 1788 2037 et
1812 2012 1959 2037 castorem

131 2063 368 2104 (Herculem‘?).
434 2067 484 2094 11.
518 2069 658 2104 auyzcstus
682 2064 864 2094 recumbens
902 2065 1065 2094 reclinans
1091 2064 1278 2102 (reclinatus
1305 2063 1345 2102 C)
1374 2063 1517 2093 residens
1543 2062 1598 2104 «sC.
1667 2065 1716 2093 13.
1753 2068 1911 2093 merentem
1935 2064 1956 2093 i.

129 2121 188 2150 tali
213 2121 333 2150 honore
359 2121 501 2159 dignum.
533 2131 560 2162 γ.
592 2130 634 2150 an
658 2125 815 2150 merentem
831 2131 888 2159 pro
914 2131 949 2151 00
976 2121 1060 2159 quod
1087 2125 1136 2150 est
1162 2121 1313 2150 meritum
1339 2129 1396 2149 seu
1423 2119 1476 2148 tali
1499 2119 1608 2149 honore
1633 2119 1753 2159 cllynum
1778 2130 1817 2149 an
1842 2130 1959 2149 meren-

131 2181 185 2206 tem
210 2178 229 2206 i.
255 2178 463 2206 militantem.
495 2175 529 2206 C.
568 2177 651 2206 conf.
679 2178 781 2206 schol.
849 2178 898 2206 14.
926 2187 1042 2206 uexere.
1069 2177 1245 2206 deduxere.
1287 2176 1387 2216 signes.
1413 2177 1569 2206 animalia
1594 2181 1670 2206 sunt
1700 2176 1800 2206 bacho
1827 2180 1960 2205 sacrata.

130 2233 262 2264 indocili.
288 2234 415 2263 insueto
442 2243 506 2262 11011
530 2233 591 2263 tibi
618 2234 674 2263 sed
699 2234 790 2263 nobis
815 2242 843 2274 γ.
885 2237 1001 2263 natura
1020 2232 1055 2263 C.
1107 2233 1158 2262 15.
1185 2233 1242 2263 hac
1260 2232 1405 2271 quirinus.
1431 2233 1554 2262 uirtute
1572 2233 1671 2262 animi
1697 2232 1752 2274 ΥΟ.
1805 2234 1854 2261 16.
1880 2242 1962 2261 mar-

131 2289 176 2319 tis.
202 2290 222 2319 i.
247 2290 352 2328 patria
378 2290 508 2319 uirtute.
561 2291 609 2318 17.
633 2293 762 2328 spatam.
790 2290 891 2319 dulce.
917 2289 1079 2327 placidum
1092 2287 1147 2331 γΟ.
1174 2292 1246 2327 post
1265 2290 1350 2319 dum.
1402 2290 1451 2318 18.
1477 2288 1560 2318 ilion.
1578 2289 1661 2319 ilion.
1689 2289 1866 2318 accusatiui
1887 2292 1963 2317 sunt

133 2346 250 2383 graeci.
302 2347 352 2374 19.
378 2345 571 2384 incestusque.
600 2346 754 2376 scelestus
778 2344 835 2388 γΟ.
886 2347 937 2375 21.
964 2355 999 2375 ew
1023 2355 1089 2384 quo.
1117 2354 1158 2374 ex
1185 2345 1240 2374 illo
1265 2349 1408 2384 tempore
1431 2355 1458 2388 γ.
1485 2350 1630 2383 tempore
1656 2344 1691 2374 C.
1734 2345 1871 2374 destituit.
1909 2346 1963 2374 de-

133 2403 229 2440 cepit.
256 2402 467 2431 circumuenit
490 2401 546 2444 γΟ.
597 2404 649 2432 22.
671 2407 773 2441 pacta.
800 2403 961 2440 promissa
984 2401 1041 2444 γΟ.
1091 2402 1143 2431 25.
1168 2401 1310 2440 splendet.
1343 2402 1471 2431 renidet
1486 2400 1544 2443 γΟ.
1594 2402 1645 2431 27.
1664 2410 1725 2440 pei·
1750 2401 1830 2430 iecra.
1857 2401 1963 2430 fallax

131 2457 187 2500 γΟ.
225 2468 386 2498 puynaces.
414 2459 523 2488 doctos
550 2468 659 2497 pugna
683 2457 726 2500 *sC
754 2458 923 2497 (pugnae).
973 2459 1025 2487 28.
1050 2457 1204 2497 refrinyit.
1230 2461 1266 2487 ut
1294 2458 1407 2496 (Verg.
1434 2458 1473 2487 A.
1498 2457 1541 2495 ΙΙ,
1562 2458 1644 2496 13):
1670 2457 1777 2487 Fractc'
1800 2457 1881 2486 bello.
1908 2456 1963 2498 γΟ.

134 2514 173 2543 cf.
198 2514 273 2544 Aer.
301 2516 340 2544 ad
365 2514 400 2545 C.
426 2515 449 2550 I,
477 2515 529 2551 35,
560 2517 610 2544 16.
637 2514 725 2544 Seru.
752 2515 791 2544 A.
817 2515 874 2552 ΙΙΙ,
905 2516 931 2544 l.
963 2514 1082 2544 Donat.
1110 2514 1151 2543 ad
1176 2514 1249 2543 Ter.
1276 2514 1354 2545 Hec.
1381 2515 1405 2551 Ι,
1432 2515 1461 2551 2,
1489 2516 1541 2544 39.
1600 2515 1650 2544 29.
1677 2514 1807 2544 ductum.
1835 2514 1964 2551 elonga-

134 2575 201 2600 tum
225 2569 281 2612 ⁴(C.
330 2572 381 2600 30.
402 2571 551 2609 protinus.
578 2571 726 2610 deinceps
739 2570 791 2614 TC.
819 2570 858 2600 cf.
878 2571 975 2600 schol.
1003 2588 1045 2591 —
1070 2569 1188 2609 grauis.
1216 2571 1416 2609 inportabilis
1433 2570 1476 2612 *fC
1495 2570 1765 2610 (importabilez's).
1815 2571 1866 2600 37.
1885 2570 1964 2599 dcem.

136 2628 156 2656 i.
182 2628 405 2658 tantummodo
430 2637 456 2669 γ.
482 2628 649 2659 dummodo
676 2628 712 2658 C.
761 2629 814 2657 44.
847 2629 944 2658 Roma
965 2627 1064 2663 ferox.
1091 2637 1205 2666 aspera
1229 2628 1350 2657 uirtute
1375 2626 1431 2669 ⁴50.
1487 2628 1539 2655 46.
1570 2627 1644 2660 Qua.
1670 2636 1728 2664 per
1755 2636 1815 2664 que
1841 2627 1910 2655 loca
1933 2636 1962 2667 γ.

136 2684 217 2713 conf.
245 2684 344 2714 schol.
371 2694 401 2713 u.
429 2685 481 2713 47.
531 2684 582 2714 50.
603 2684 732 2723 fortior.
759 2686 830 2723 ipsa
858 2686 928 2715 scil.
955 2689 1042 2715 terra
1064 2684 1111 2726 γΗ
1141 2682 1284 2723 (Roma).
1321 2693 1475 2722 spernere.
1502 2684 1543 2713 ad
1568 2683 1783 2721 spernendum
1807 2681 1861 2724 γΟ.
1913 2683 1964 2711 54.

131 2739 267 2778 yestiens.
293 2739 464 2769 festinans.
514 2741 565 2770 56.
591 2750 688 2770 rores.
715 2741 919 2771 debacentur.
970 2741 1022 2770 57.
1048 2740 1143 2770 bellic.
1162 2740 1331 2778 quirilibas.
1357 2741 1472 2769 Datiui
1491 2744 1576 2769 sunt.
1627 2740 1679 2769 63.
1705 2738 1857 2775 uictrices,
1884 2748 1949 2777 pug

136 2795 249 2825 nabiles
272 2805 299 2838 γ.
326 2806 483 2834 pugnaces
508 2796 545 2826 C.
586 2801 734 2826 cateruas.
761 2798 910 2828 cohortes
935 2796 993 2838 γΟ.
1044 2798 1096 2826 67.
1122 2796 1248 2826 excisus.
1276 2797 1420 2826 deiectus
1444 2795 1501 2838 γΟ.

249 2852 405 2882 PORPH.
455 2852 524 2883 Ode
550 2852 647 2882 LXII.
672 2853 709 2882 R.
760 2852 816 2893 12)
841 2864 876 2883 ac
894 2853 1067 2890 M2‚rvafh.
1094 2857 1120 2882 et
1143 2853 1171 2882 R
1197 2853 1316 2891 (Aen).
1344 2854 1415 2882 Non
1433 2870 1474 2873 -—-
1493 2853 1666 2881 adhaereat
1691 2852 1722 2880 111
1739 2852 1892 2889 MR2,1·va
1917 2853 1967 2881 in-

137 2908 238 2938 serius
265 2912 340 2938 sunt.
365 2910 475 2939 colloc.
503 2910 588 2939 inter
613 2919 642 2938 u.
672 2910 710 2939 16
738 2914 769 2939 et
798 2911 837 2939 17
863 2914 936 2948 post.
962 2911 1079 2940 lemma
1100 2914 1222 2949 aratum
1246 2910 1318 2939 eloe.
1345 2908 1579 2939 consiliantibus.
1620 2908 1704 2937 Hinc
1730 2909 1826 2938 alicui
1852 2913 1967 2947 poetae

138 2966 240 2996 codici
266 2966 462 3003 adscriptum
499 2975 535 2995 ac
567 2966 669 2995 serius
704 2966 738 2995 in
762 2966 879 3004 Porph.
903 2970 1067 3005 receptum
1093 2967 1224 2995 uidetur
1249 2966 1519 2994 additamentum.
1569 2964 1614 2994 Ut
1640 2965 1721 2995 alios
1747 2966 1802 2995 hic
1827 2967 1967 3003 mittam,

140 3030 182 3050 ex
206 3022 275 3051 eod.
301 3022 396 3051 Bern.
427 3024 446 3052 4
469 3023 619 3052 adscribo
644 3022 741 3052 haee:
774 3023 902 3052 dicunt
919 3024 1050 3062 quidam
1081 3024 1139 3052 hoc
1173 3031 1242 3052 esse
1268 3023 1307 3051 de
1333 3022 1492 3060 superiori
1522 3022 1584 3051 oda
1609 3025 1640 3050 et
1667 3022 1713 3051 sic
1738 3022 1966 3052 continuabitur.

138 3077 325 3107 Instruendi
362 3082 436 3108 sunt
472 3079 691 3108 adolescentes
728 3078 921 3109 fortitudine
960 3083 991 3109 et
1028 3080 1190 3109 fidelitate
1224 3083 1255 3108 et
1280 3078 1421 3108 iusticia.
1471 3077 1534 3107 Sed
1559 3078 1601 3107 sit
1627 3078 1730 3107 altera
1754 3080 1787 3108 in
1812 3079 1871 3108 hae
1896 3080 1966 3108 oda.

139 3132 287 3162 Intendit
312 3134 435 3164 hortari
461 3135 501 3163 ad
526 3136 739 3165 tenacitatem
770 3136 921 3165 iusticiae
957 3137 1076 3165 multas
1103 3136 1267 3165 utilitates
1293 3135 1368 3164 inde
1393 3135 1574 3172 peruenire.
1615 3135 1674 3163 hoc
1699 3139 1806 3164 autem
1832 3136 1873 3163 ad
1898 3136 1967 3164 lau-

142 3189 213 3217 dem
239 3191 369 3227 augusti
400 3191 455 3228 qui
486 3191 590 3221 iustus
624 3195 656 3222 et
684 3196 786 3221 tenax
818 3193 986 3231 propositi.
1036 3210 1078 3213 -—
1135 3192 1199 3221 oda
1222 3200 1290 3221 rva.
1333 3199 1397 3228 qua
1421 3199 1491 3229 sup.
1517 3190 1560 3220 M.
1601 3200 1638 3220 ac
1663 3191 1764 3221 tacite
1790 3191 1904 3220 inculc.
1930 3191 1967 3227 Q.

142 3244 212 3273 rell.
239 3253 340 3282 quam.
381 3246 512 3276 adheret
543 3246 587 3276 M.
