2170 3460
826 144 873 175 IN
906 144 1049 176 emm.
1083 145 1112 182 1,
1139 149 1168 176 ι).
1882 135 1906 175 9

83 265 379 321 respondisset,
412 272 454 307 ut
484 266 765 308 iaeularentur
795 281 889 307 ossa
919 266 1077 316 matris,
1111 273 1398 321 eognouerunt
1427 274 1580 308 terram
1611 281 1701 308 esse
1731 274 1906 308 matrem

83 338 251 388 dietam,
282 338 392 380 unde
423 338 631 380 iaculante
658 354 755 380 mox
775 338 942 393 Pyrrha
962 339 1125 393 lapides
1155 338 1332 393 puellae,
1364 338 1626 380 Deucalione
1656 354 1793 381 mares
1820 340 1906 380 nati

83 418 188 453 sunt.
245 413 350 466 γει-9.
384 411 453 465 (B.
476 411 552 462 VI,
575 413 672 466 41):
706 413 931 453 Deucalion
953 427 1131 454 ¹uacuum
1154 413 1307 468 lapides
1340 414 1507 453 iactauit
1537 414 1578 454 z'n
1600 415 1744 456 orbem.
1789 414 1906 454 que-

81 485 189 526 nalis
221 483 270 539 (I.
292 485 387 539 48):
423 486 470 527 Et
500 485 679 526 maribus
709 486 843 527 medas
874 486 1042 527 ostendit
1074 485 1237 541 Pyrrha
1262 486 1436 540 puellas.

196 558 259 598 13.
293 558 468 599 Vidimus
506 558 661 613 flauam
703 559 888 599 Tiberim.
949 556 1038 598 Aut
1074 557 1288 598 turbidum
1326 565 1394 598 aut
1434 557 1571 599 colore
1611 557 1701 598 limi
1737 558 1905 608 flauum,

81 636 123 670 ut
163 631 270 684 Very.
306 628 381 685 (A,
405 629 503 679 Vll,
536 632 630 685 31):
672 632 891 672 Vera'cz'bus
922 631 1080 686 rapidis
1112 638 1146 671 et
1176 632 1302 672 ‘media
1331 631 1467 686 flauas
1500 631 1664 672 harena.

81 704 266 744 Κεῖον-τῖε.
315 702 403 744 Aut
434 710 606 758 propter
636 703 823 745 turbines
854 703 957 743 dixit
990 705 1161 753 retortis,
1194 711 1265 744 aut
1294 711 1517 758 propterea
1538 703 1650 758 quod
1671 703 1714 743 in
1736 718 1906 758 campos

81 775 243 824 exibat,
291 790 375 817 non
406 776 526 817 solito
558 776 677 818 alueo
708 776 751 816 in
782 776 915 817 maria
946 791 1236 831 prorumpens.
1314 775 1511 832 [Constat
1540 783 1677 818 autem
1708 776 1907 818 uiolentia

81 848 208 889 maris
239 848 452 903 repulsum
474 848 664 890 Tiberim
696 848 957 904 inundasse]

195 924 259 963 14.
294 923 426 963 Litore
458 924 644 964 Etrusco.
706 922 756 962 Id
786 928 859 972 est,
892 922 1114 977 Tyrrheno
1145 927 1262 972 mari,
1296 938 1377 977 quo
1409 922 1543 963 influit
1572 922 1754 964 Tiberis.

195 997 258 1037 15.
292 997 550 1038 Monwnenta
587 1000 703 1050 reglis,
764 995 945 1051 Regiam
976 995 1094 1036 dixit.
1154 995 1296 1038 Locus
1326 996 1437 1036 enim
1468 1003 1541 1046 est,
1580 996 1624 1036 in
1656 1012 1737 1051 quo
1766 996 1906 1037 Numa

79 1068 315 1123 Pompilius
351 1068 570 1119 habitauit,
612 1069 666 1109 ad
696 1068 851 1110 Vestae
889 1069 1036 1110 aedem
1066 1069 1226 1110 habens
1257 1069 1450 1125 Regiam.
1517 1070 1652 1111 Cicero
1684 1070 1781 1124 (pro
1811 1069 1905 1111 Mil.

80 1141 206 1191 XIV,
245 1143 319 1197 37)
356 1142 408 1183 de
444 1142 590 1183 eodem
627 1141 738 1183 loeo:
776 1143 917 1197 Nuper
955 1157 1014 1183 me
1051 1143 1104 1183 ad
1133 1143 1298 1197 Reye'am
1337 1157 1462 1197 paene
1499 1143 1749 1197 consec-e't.—
1772 1144 1904 1198 Reqz's.

80 1214 243 1257 Numae
275 1215 433 1257 scilieet
464 1215 678 1270 Pompilii,
719 1215 789 1269 qui
829 1215 1077 1257 seditionem
1115 1215 1285 1257 abstulit
1324 1222 1361 1256 et
1394 1215 1613 1271 religionis
1644 1216 1799 1258 eultum
1830 1216 1906 1257 ad-

79 1288 225 1330 hibuit.

193 1362 257 1403 16.
293 1363 328 1403 T
328 1362 532 1418 emplaqae
572 1363 714 1403 Vestae.
776 1361 889 1414 Quia
919 1361 1138 1404 dicebatur
1168 1361 1336 1403 Tiberis
1367 1377 1443 1418 per
1463 1362 1616 1405 Rostra
1647 1370 1741 1404 ante
1772 1363 1905 1405 habu-

78 1435 159 1477 isse
189 1441 384 1484 meatum,
417 1449 523 1489 quae
554 1435 709 1490 templo
740 1434 896 1477 Vestae
927 1435 1170 1491 iunguntur.

192 1510 256 1549 17.
290 1509 402 1549 Iliae.
462 1507 593 1548 Matri
624 1507 807 1558 Romuli,
839 1509 960 1550 uxori
992 1524 1103 1550 suae.

195 1583 399 1632 Querentz'.
461 1579 667 1633 Querelas
698 1582 924 1637 deponenti
954 1589 1086 1624 morte
1120 1581 1316 1624 Caesaris
1346 1583 1514 1625 nomine
1545 1583 1722 1639 originis
1754 1598 1865 1624 suae.

191 1656 255 1696 18.
297 1657 436 1710 Vaqas.
499 1654 614 1711 [Non
652 1661 764 1697 reeto
804 1662 942 1696 meatu
979 1655 1129 1711 fluens]
1164 1656 1235 1710 qui
1266 1663 1383 1697 extra
1414 1656 1580 1697 alueum
1611 1664 1734 1698 errat.
1767 1682 1817 1687 ——
1856 1658 1905 1698 Et

78 1730 245 1770 sinistra.
275 1730 381 1785 rzpa.
441 1727 530 1769 Aut
561 1728 724 1779 infesta,
756 1735 825 1769 aut
858 1744 939 1783 qua
960 1729 1097 1783 magis
1127 1736 1246 1783 parte
1278 1736 1337 1770 est
1367 1729 1528 1779 ciuitas,
1562 1745 1687 1784 quam
1708 1730 1905 1771 inundari

79 1801 286 1857 cupiebat.

192 1876 256 1916 19.
288 1876 385 1917 Ioue
415 1890 495 1917 non
519 1876 727 1932 probante.
787 1874 883 1916 Non
915 1875 1192 1930 permittente.

190 1950 256 1990 20.
291 1950 469 1991 Uoeorz'us
501 1951 642 1991 amnis.
704 1949 911 1991 Diversae
949 1949 1000 1989 de
1031 1948 1111 1989 Ilia
1151 1954 1368 2003 poetarum
1400 1949 1619 2004 opiniones
1651 1956 1763 1991 sunt:
1807 1965 1904 1991 nam

78 2021 157 2063 Ilia
195 2028 328 2064 mater
356 2021 526 2064 Romuli
562 2022 652 2073 fuit,
695 2037 818 2077 quem
857 2036 908 2063 ex
938 2021 1078 2063 Marte
1116 2021 1313 2076 suscepit,
1352 2037 1458 2076 quae
1489 2030 1653 2064 mortua
1683 2023 1737 2064 ad
1767 2022 1904 2078 ripam

192 2171 227 2210 5)
254 2172 367 2202 flauan
385 2172 438 2215 Βφ
464 2173 498 2201 in
516 2172 604 2209 Hor„
632 2172 747 2201 flauum
773 2172 805 2201 in
824 2172 923 2201 schol.
963 2172 997 2210 5)
1024 2182 1043 2201 a
1069 2172 1172 2201 colore
1189 2171 1261 2201 auri
1279 2173 1307 2209 2,
1334 2181 1446 2201 arenae
1465 2173 1568 2202 colore
1587 2173 1659 2202 flau.
1679 2172 1714 2202 C.
1754 2173 1788 2211 6)
1814 2172 1903 2202 V0r‘1.

79 2227 147 2265 Caf,
166 2228 296 2268 Heyne.
347 2229 380 2267 7)
408 2233 463 2257 aut
488 2229 568 2267 quod
596 2228 633 2265 R,
660 2233 711 2258 aut
739 2232 868 2266 propter
885 2228 979 2257 ANI.
1006 2231 1061 2257 aut
1086 2231 1255 2265 propterea
1282 2227 1449 2258 Cmveafh.
1499 2229 1533 2267 8)
1562 2229 1685 2258 inclusa
1710 2239 1770 2258 om.
1798 2228 1837 2266 A,
1864 2238 1905 2257 ex

77 2284 192 2322 Porph.
210 2285 282 2314 Tib.
308 2294 423 2314 romam
448 2285 557 2314 inund.
576 2285 612 2316 R.
641 2294 845 2322 prorumpens
863 2285 901 2321 R,
926 2285 994 2313 rell.
1014 2294 1075 2314 om.
1093 2285 1205 2323 (Vei-g.
1222 2285 1241 2313 l.
1260 2285 1281 2316 l,
1301 2286 1361 2314 32.-
1385 2285 1416 2314 z'n
1432 2294 1516 2313 mare
1526 2285 1725 2323 prorumpit).
1763 2285 1818 2322 11)
1845 2285 1905 2314 Re-

79 2342 135 2378 gia
159 2341 231 2377 A,r.
258 2341 360 2371 Locus
385 2341 461 2370 enim
485 2346 527 2370 est
543 2342 583 2379 A,
616 2342 674 2371 loc.
699 2345 741 2370 est
764 2341 840 2370 enim
871 2341 973 2377 RN,1·‚
1007 2342 1066 2370 loe.
1101 2346 1149 2370 est
1179 2350 1249 2380 eryo
1279 2342 1424 2370 mveafh.
1484 2341 1538 2378 12)
1572 2341 1623 2370 Ad
1655 2341 1774 2370 Vestae
1804 2341 1905 2370 aedem

79 2398 190 2435 seripsi
216 2407 288 2434 pro:
325 2397 365 2426 ad
382 2397 499 2426 Vestae
524 2397 666 2435 templum.
699 2398 739 2426 A:
766 2407 904 2426 monum.
929 2398 1027 2435 regis.
1061 2399 1152 2435 regia.
1176 2398 1262 2426 dixit
1289 2400 1493 2426 monumenta
1517 2398 1612 2435 regis.
1639 2397 1741 2426 Locus
1766 2397 1842 2426 enim
1865 2400 1908 2425 est

80 2454 113 2482 in
139 2463 199 2491 quo
223 2463 319 2482 numa
342 2454 512 2492 pompilius
538 2454 699 2482 habitauit
725 2457 836 2482 uestem
860 2453 979 2482 habens
1005 2454 1137 2491 regiam.
1165 2458 1277 2483 uestem
1302 2454 1421 2483 habens
1446 2455 1565 2492 regiam
1589 2454 1624 2491 R,
1651 2453 1791 2482 mveafh.
1817 2457 1906 2482 veste

80 2509 166 2547 (cum
191 2510 305 2547 cauda)
332 2510 405 2539 hab.
430 2519 494 2548 reg.
520 2520 545 2539 r.
571 2513 692 2539 uestam
715 2510 788 2538 hab.
814 2518 880 2547 reg.
908 2510 936 2538 2.
962 2509 1097 2547 Regiam
1122 2510 1200 2539 dicit
1227 2510 1340 2550 Numa,
1355 2510 1519 2548 Pompilii,
1546 2511 1599 2548 qui
1624 2510 1666 2539 acl
1696 2510 1797 2539 Vestae
1820 2519 1905 2538 suam

77 2565 191 2594 habuit
215 2566 345 2603 regiam.
373 2566 440 2595 Cic.
465 2566 504 2595 de
528 2565 630 2595 eadem
655 2566 699 2594 sie
724 2566 788 2595 ait:
814 2565 922 2603 Nuper
947 2566 986 2594 ad
1012 2566 1136 2603 regiam
1162 2575 1211 2595 me
1237 2575 1338 2603 paene
1363 2567 1510 2596 confecit.
1538 2565 1574 2595 C.
1592 2566 1755 2604 Suringar.
1780 2575 1811 2603 p.
1842 2566 1903 2594 113

78 2622 156 2651 facit
182 2631 251 2651 cum
278 2621 479 2660 Oudendorp.
512 2623 552 2651 ad
577 2621 707 2652 Sueton.
742 2631 771 2659 p.
798 2622 860 2651 293
889 2622 1080 2651 emendante
1106 2632 1147 2651 ex
1174 2621 1217 2652 C:
1254 2623 1295 2651 acl
1335 2623 1434 2652 Vestae
1464 2623 1585 2652 habens
1619 2623 1750 2660 regiam·
1801 2621 1903 2651 Solin.

78 2678 193 2717 Polyh.
214 2680 249 2708 2:
276 2684 405 2717 propter
424 2679 472 2717 (I
485 2679 598 2717 prope)
625 2678 727 2708 aedem.
747 2679 847 2708 Veszae
866 2679 896 2706 in
914 2680 1013 2716 regia,
1039 2679 1120 2708 conf.
1141 2679 1254 2708 Barth.
1274 2679 1354 2708 Adv.
1381 2679 1462 2715 V1‚5
1490 2689 1519 2716 p.
1539 2679 1637 2708 2083.
1690 2678 1745 2716 14)
1774 2682 1805 2707 et
1830 2679 1905 2707 reli-

78 2735 199 2771 gionem
223 2735 298 2764 adh.
316 2745 342 2766 r.
394 2735 449 2773 18)
476 2735 581 2765 schol.
609 2745 670 2765 om.
689 2734 728 2764 A.
780 2734 835 2773 19)
862 2736 989 2764 nomine
1014 2736 1023 2763 i
1043 2745 1069 2764 e.
1095 2745 1189 2764 eausa
1206 2736 1318 2773 scripsi
1337 2745 1392 2773 pro
1416 2735 1541 2764 homine
1559 2735 1632 2772 (A),
1660 2736 1763 2764 omine
1781 2735 1821 2773 N,
1847 2735 1904 2764 ho-

78 2790 172 2819 minis
196 2790 266 2820 RrC
278 2790 360 2819 cafh.
411 2791 467 2829 20)
494 2791 566 2820 Non
591 2809 633 2812 »κ
659 2792 757 2821 fluens
784 2801 843 2820 om.
862 2791 925 2820 Λ2.
953 2791 1069 2821 effusus
1096 2796 1127 2821 et¹
1152 2801 1260 2821 errans
1285 2801 1339 2829 per
1357 2792 1443 2828 ripas
1461 2801 1532 2819 suas
1552 2790 1587 2820 C.
1613 2792 1725 2829 scripsi
1754 2792 1805 2830 qui
1821 2796 1906 2821 errat

80 2846 206 2886 (labitur
224 2847 352 2885 vagus),
380 2851 496 2876 erraret
510 2848 624 2885 Alme,
650 2848 789 2885 mvcafh,
807 2851 923 2877 mearet
937 2848 976 2884 N,
1003 2852 1140 2877 curreret
1155 2858 1179 2877 r.
1199 2849 1252 2886 qui
1271 2866 1311 2868 ff
1331 2851 1415 2876 errat
1434 2857 1494 2876 om.
1515 2848 1544 2877 2.
1595 2847 1652 2885 21)
1681 2848 1802 2878 infesta
1818 2848 1904 2885 Am,

78 2902 238 2939 mnvcafh,
264 2902 406 2932 infausta
431 2902 467 2932 O.
498 2904 623 2932 infensa
646 2903 674 2932 R
706 2903 789 2941 (Aut
814 2904 935 2932 infensa
969 2907 1023 2933 aut
1048 2913 1084 2933 ea
1102 2908 1193 2942 parte
1216 2914 1274 2942 qua
1300 2904 1403 2942 magis
1428 2904 1543 2933 ciuitas
1569 2907 1616 2933 est
1628 2903 1780 2943 frequens
1811 2914 1903 2942 quam

78 2959 229 2988 inundare
253 2959 429 2997 cupiebat).
460 2962 514 2988 aut
538 2959 579 2988 ihi
602 2969 664 2998 qua
688 2959 826 2990 mveafh.
859 2963 914 2989 aut
938 2959 1042 2998 ubique
1065 2970 1089 2989 r.
1115 2961 1219 2998 magis
1240 2969 1340 2998 prona
1364 2959 1469 2989 vcafh.
1496 2961 1599 2998 magis
1622 2970 1723 2995 parua
1742 2971 1766 2990 r.
1800 2962 1904 2999 magis

74 3019 165 3052 parte
182 3015 354 3053 ANR1‚m.
379 3015 531 3045 inundare
558 3015 598 3053 R,
635 3016 810 3045 ‘redundare'
832 3016 895 3053 Ar,
932 3017 1108 3045 redundare
1126 3017 1165 3052 N,
1192 3015 1331 3045 mvcafh.
1357 3015 1478 3054 Scripsi
1503 3016 1663 3054 inundari,
1691 3027 1765 3046 nam
1791 3026 1902 3055 aquae,

80 3078 146 3100 non
171 3072 259 3108 ripae
282 3071 513 3103 redundantur.
563 3072 620 3111 24)
648 3072 752 3102 Uxori
782 3073 911 3102 deditus
937 3074 983 3109 2r,
1010 3074 1117 3111 glossa
1142 3080 1183 3101 ex
1210 3072 1329 3102 scholio
1362 3077 1418 3102 aut
1452 3083 1492 3102 ex
1525 3072 1639 3103 Servio
1673 3073 1713 3102 ad
1739 3074 1758 3102 l.
1785 3074 1806 3103 l.
1840 3074 1902 3103 Va-

81 3126 145 3155 riae
172 3126 208 3156 G.
234 3127 410 3164 positiones
435 3127 474 3156 A.

1932 931 1947 961 1

1930 2031 1948 2062 ΚΟ

1953 2031 1971 2060 §W

1955 931 1973 962 O
