2283 3535
228 977 266 1007 lO

226 1345 264 1374 15

294 174 375 214 534
929 181 1036 214 ACR.
1062 181 1123 213 ΕΤ
1147 180 1317 214 PORPH.
1343 180 1491 214 COMM.

405 307 471 348 23.
503 307 579 347 tuis
611 305 783 361 capillus
814 305 930 347 albus
951 313 1008 347 esc
1029 305 1232 346 odoribus.
1294 302 1418 346 Nunc
1438 303 1631 353 ostendit,
1669 316 1799 357 quare
1820 316 1949 357 supra
1969 301 2123 343 dixerit

288 381 394 435 fuyit
423 380 622 421 iuuenta&

404 454 470 494 24.
502 453 674 495 Nullum
706 467 730 492 α
762 452 900 493 labore
929 465 989 492 me
1019 451 1190 492 reclinat
1219 451 1353 491 ocium.
1413 449 1610 491 Laborem
1641 449 1768 489 animi
1799 447 1889 488 uult
1918 446 2122 502 intellegi,

291 526 413 581 quasi
444 525 699 580 quibusdam
729 524 949 567 tormentis
980 523 1111 565 animi
1142 537 1219 578 per
1248 522 1453 564 ueneficia
1482 521 1596 563 illius
1627 521 1850 563 crucietur.

404 600 468 641 25.
501 600 568 640 26.
599 613 723 654 neque
755 607 809 639 est
839 599 977 639 leuare
1008 605 1112 638 tenta
1142 598 1241 652 spir.
1268 610 1406 652 praec.
1465 594 1673 651 Figurata
1704 594 1884 636 elocutio
1927 608 2005 649 pro
2043 608 2124 635 ne—

293 688 367 729 que
399 675 603 728 continyit,
635 681 681 713 ut
712 672 909 713 leuentur.

404 748 469 788 28.
504 746 662 787 Sabella
689 761 729 801 p.
750 746 775 785 i.
796 761 828 786 c.
886 743 1011 799 Ipsis,
1042 743 1191 798 inquit,
1222 742 1344 784 malis
1375 742 1580 783 adductus
1612 757 1716 792 sum,
1748 747 1794 782 ut
1824 741 2007 791 credam,
2043 738 2126 782 Sa.-

289 819 411 861 bellis
443 818 701 860 carminibus
733 817 862 873 defigi
893 823 1054 858 mentes
1075 817 1292 857 humanas.
1354 815 1512 857 Sabella
1533 822 1673 856 autem
1695 814 1885 856 carmina
1904 829 1983 871 pro
2004 814 2124 857 Mar-

289 895 343 934 sis
373 892 514 948 posuit
544 898 584 933 et
615 893 774 934 neniam
805 906 883 947 pro
915 890 1213 932 incantatione.
1245 888 1452 944 Alioquin
1482 891 1605 932 nenia
1644 888 1817 944 proprie
1849 901 2019 931 carmen
2050 895 2124 938 est,

293 966 406 1021 quod
436 965 611 1007 mortuis
643 971 847 1007 cantatur.

401 1040 468 1082 35.
502 1040 604 1082 cales
634 1055 673 1081 u.
708 1039 774 1095 off.
812 1038 941 1080 Colch.
1007 1038 1152 1092 Ipsam
1182 1036 1402 1077 mulierem
1433 1035 1646 1078 officinam
1676 1037 1936 1077 uenenorum
1967 1034 2121 1077 diserte

288 1113 405 1154 dixit.
472 1113 665 1155 Colchicis
695 1119 833 1153 autem
864 1111 1134 1153 manifestum
1164 1117 1226 1152 est
1255 1116 1429 1165 propter
1458 1108 1659 1150 Medeam
1690 1108 1787 1150 dici.

401 1188 467 1229 35.
500 1201 600 1242 qliae
629 1187 659 1240 s.
693 1202 728 1227 α.
760 1201 793 1241 q.
825 1200 876 1228 m.
907 1200 958 1227 m.
983 1194 1029 1227 st.
1092 1182 1227 1236 Quasi
1257 1183 1460 1224 tributum
1491 1182 1580 1223 uult
1609 1182 1811 1238 intellegi,
1844 1181 1958 1237 quod
1987 1196 2123 1237 appa-

288 1268 352 1302 ret
383 1274 434 1302 ex
466 1274 529 1310 eo,
562 1259 675 1314 quod
706 1258 846 1300 statim
877 1259 1022 1299 infert:
1053 1259 1186 1299 iussas
1218 1271 1310 1298 cnm
1329 1256 1413 1311 -ficle
1437 1270 1575 1312 paena
1607 1257 1730 1297 luam.

405 1334 472 1374 42.
506 1333 654 1387 Infam.
692 1333 866 1374 Helenae
889 1333 1031 1374 Castor
1063 1332 1238 1387 offensus
1268 1331 1354 1371 uice
1386 1337 1423 1370 et
1453 1338 1623 1371 caetera.
1685 1327 1974 1370 Stesichorum
2012 1328 2129 1369 aiunt

289 1414 560 1448 excaecatum
592 1421 696 1456 esse,
729 1406 842 1461 quod
872 1405 1048 1447 infamia
1080 1403 1269 1446 carmina
1298 1403 1343 1443 in
1373 1402 1585 1444 Helenam
1614 1403 1802 1453 fecisset,
1849 1401 2002 1444 deinde
2033 1416 2129 1443 ora-

289 1481 383 1522 culo
414 1481 676 1522 admonitum
707 1479 969 1535 palinodiam
1006 1478 1155 1520 fecisse
1192 1477 1219 1518 i.
1261 1491 1294 1518 e.
1335 1475 1546 1518 contrario
1584 1475 1771 1518 carmine
1807 1490 1901 1518 eam
1938 1474 2130 1517 laudasse

289 1560 330 1595 et
360 1554 523 1596 lumina
553 1554 778 1609 recepisse.

291 1714 390 1744 fuisse
415 1715 446 1743 h.
474 1732 514 1735 —
539 1714 601 1744 inu.
629 1719 655 1744 et
678 1723 775 1744 neq-ec.
802 1714 891 1744 color.
920 1714 975 1743 flos
1002 1713 1193 1742 iuuentutis.
1220 1711 1418 1741 uerecundus.
1445 1712 1588 1742 Nitidus.
1616 1711 1825 1741 rubicundus.
1851 1710 1966 1740 rubeus
1998 1709 2129 1750 (rubens

290 1770 327 1800 C.
353 1771 448 1809 male,
475 1781 549 1801 nam
575 1772 661 1802 color
686 1772 755 1808 ipse
779 1780 841 1800 non
868 1771 971 1799 rubet.
998 1768 1120 1798 Colum.
1146 1769 1201 1805 VI,
1232 1770 1259 1797 1.
1286 1767 1378 1797 Varr.
1405 1768 1442 1797 R.
1467 1769 1504 1798 R.
1530 1768 1571 1805 11,
1606 1768 1641 1807 5)
1674 1767 1892 1806 pudibundus.
1925 1771 1982 1797 aut
2015 1766 2063 1806 (ut
2096 1766 2130 1797 C.

290 1844 331 1849 -—
359 1826 396 1856 C.
415 1827 439 1865 Ι,
460 1828 511 1865 27,
532 1828 582 1866 3):
616 1827 871 1865 uereczcndmnqne
895 1826 1057 1855 Bacchum
1081 1825 1173 1864 Fugit
1194 1824 1255 1854 iun.
1283 1829 1310 1853 ec
1331 1834 1396 1854 uer.
1424 1825 1514 1854 color.
1541 1825 1602 1854 sibi
1629 1826 1711 1854 dicit
1728 1826 1806 1854 haee
1824 1824 1984 1854 accidisse
2001 1827 2130 1861 propter

289 1884 567 1922 pulchritudinem
593 1885 674 1914 eius.
701 1883 754 1913 sed
778 1884 901 1921 obliqui
929 1882 1008 1921 (sic)
1037 1882 1234 1911 carminibus
1260 1881 1294 1910 id.
1320 1881 1389 1911 uolt
1414 1881 1546 1911 factum.
1572 1881 1775 1912 uerecundum
1798 1889 1903 1910 auem
1920 1881 2057 1909 colorem
2075 1889 2131 1909 ru-

288 1942 396 1971 borem
422 1942 478 1970 ait.
505 1951 541 1971 ae
566 1951 622 1979 per
648 1941 707 1970 hoc
732 1941 851 1978 pallere
878 1949 911 1969 se
938 1940 1030 1969 dicit.
1058 1938 1141 1968 conf.
1169 1937 1205 1969 C.
1231 1937 1389 1967 uerecuncl.
1417 1939 1437 1967 i.
1466 1939 1581 1968 rubeus
1607 1938 1683 1976 quia
1707 1937 1966 1967 uerecundantes
2001 1937 2129 1966 rubent.

294 2015 337 2018 —
364 1998 495 2027 iuuenta
523 1998 551 2026 2.
586 2015 620 2018 ῳ

406 2054 438 2091 1)
466 2054 545 2083 dia-ic
568 2054 713 2091 R7rvafh.
739 2053 807 2082 rell.
835 2052 959 2082 dixerit.
985 2061 1019 2093 γι
1057 2050 1152 2081 albus.
1178 2060 1277 2080 canus
1316 2049 1377 2088 (z
1401 2049 1453 2088 C).
1503 2050 1623 2080 Sensus
1656 2051 1709 2080 hie
1741 2054 1807 2080 est:
1845 2050 1916 2088 Ego
1951 2050 2129 2079 diserutior

289 2112 464 2141 meroribus
491 2116 522 2141 et
546 2116 581 2140 tu
606 2120 701 2140 uaeas
727 2110 843 2139 delitiis
861 2109 920 2147 (L-
933 2108 983 2147 C).
1013 2107 1121 2137 Canus
1148 2112 1197 2137 est
1223 2107 1328 2145 inquit
1356 2117 1421 2136 non
1446 2116 1501 2144 per
1525 2110 1662 2136 aetatem
1690 2107 1744 2137 sed
1768 2107 1923 2137 odoribus
1942 2111 1975 2137 et
1991 2106 2128 2136 delitiis.

289 2168 393 2198 Aiunt
420 2169 505 2197 enim
529 2169 677 2208 unyentis
702 2167 860 2197 maturius
885 2176 983 2196 canos
1010 2166 1078 2194 fieri
1106 2164 1249 2202 capillos.
1276 2163 1359 2193 conf.
1387 2162 1421 2193 C.
1484 2164 1519 2202 3)
1547 2174 1566 2192 a
1591 2164 1699 2194 labore
1723 2163 1929 2200 MR2‚rvafh‚
1955 2166 1993 2193 ut
2018 2162 2129 2192 Ambr.

288 2224 405 2253 Bernn.
432 2225 462 2254 K
490 2225 539 2263 (Ξ)
568 2223 625 2254 AC
652 2224 744 2253 Bai-e.
772 2224 861 2252 Parr.
888 2222 994 2251 EHIR
1018 2221 1141 2251 Genou.
1169 2224 1229 2250 etc.
1255 2220 1292 2250 ab
1317 2220 1408 2249 Harl.
1440 2220 1527 2250 Parr.
1545 2220 1663 2262 ΒφγΒΙ
1688 2220 1819 2258 aliique.
1846 2219 1982 2250 reclinat.
2009 2219 2125 2248 adimit

291 2282 407 2310 liberat
432 2281 543 2310 Ambr.
570 2280 625 2322 γΟ.
652 2280 763 2309 labore.
794 2279 926 2309 coeundi
957 2288 984 2320 γ.
1015 2295 1054 2298 κ-
1079 2278 1149 2320 Βφ;
1183 2277 1282 2306 otium.
1317 2277 1463 2315 Singulis
1496 2277 1584 2306 horis
1617 2277 1682 2306 tuis
1714 2277 1881 2306 ueneficiis
1913 2280 2064 2315 torqueor
2098 2278 2131 2305 et

290 2346 463 2375 persequor
488 2337 539 2366 die
565 2346 600 2366 ac
626 2340 727 2366 noete.
778 2334 814 2372 4)
841 2336 1018 2365 crucientur
1044 2336 1074 2363 2.
1126 2336 1160 2374 6)
1188 2338 1222 2363 ut
1248 2334 1399 2363 leuentur
1412 2332 1731 2373 MAR2G(Q)‚r.om.
1760 2332 1849 2363 vafh.
1908 2334 1942 2372 7)
1967 2333 2052 2371 Ipsis
2078 2333 2130 2362 in-

290 2394 362 2431 quit
389 2393 519 2432 (inquid
543 2393 591 2432 M)
620 2393 715 2422 malis
741 2392 902 2421 adductus
927 2390 1146 2428 MR2G(Q),1·.
1172 2390 1314 2429 continylt
1338 2391 1494 2420 adductus
1520 2400 1569 2427 va,
1596 2400 1657 2420 om.
1683 2394 1720 2419 ut
1745 2390 1806 2419 leu.
1833 2390 1950 2419 lemma
1976 2392 2007 2419 et
2042 2389 2129 2427 Ipsis

289 2451 353 2487 inq.
380 2450 485 2479 malis.
513 2449 563 2478 fh:
590 2448 741 2487 continffl't.
769 2449 918 2487 Neycztum
938 2447 1045 2476 vincor
1070 2451 1100 2475 ut
1124 2446 1261 2486 credam]
1290 2447 1327 2476 ld
1351 2452 1401 2476 est.
1428 2447 1593 2477 Adductus
1619 2450 1649 2476 et
1669 2457 1698 2484 q.
1725 2455 1791 2484 seq.
1810 2463 1852 2467 —-
1868 2455 1904 2488 γε
1930 2445 2035 2484 Urget
2060 2445 2131 2484 (ur-

290 2510 366 2545 guet
389 2506 500 2536 Ambr.
527 2506 619 2535 Baro.
646 2506 746 2539 Bern.
774 2503 815 2543 C)
841 2504 869 2533 (l.
895 2514 924 2533 n.
950 2508 977 2533 el
1001 2503 1063 2533 dies
1087 2508 1209 2533 noctem.
1237 2504 1269 2532 id
1296 2507 1343 2533 est
1372 2513 1426 2542 per
1451 2507 1577 2533 noctem
1602 2507 1677 2540 opto
1703 2503 1789 2532 diem
1814 2502 1968 2532 aduenire
1994 2502 2132 2540 (aduen-

289 2567 368 2600 tare,
396 2562 437 2601 C)
479 2566 510 2592 et
546 2571 602 2600 per
626 2562 711 2591 diem
737 2561 826 2599 cupis
854 2565 980 2589 noctem
1019 2560 1149 2598 (adesse
1175 2559 1216 2598 C)
1257 2561 1333 2597 quia
1369 2560 1529 2597 inpatiens
1567 2569 1635 2588 sum
1673 2559 1758 2588 omni
1794 2562 1936 2596 tempore
1972 2555 2131 2599 (omnium

291 2625 469 2658 temporum
495 2619 547 2657 C).
574 2619 658 2649 conf.
685 2618 719 2648 C.
740 2617 942 2656 praecordia.
967 2617 988 2648 i.
1016 2626 1118 2655 neque
1150 2617 1313 2654 contingit
1346 2625 1447 2654 neque
1480 2615 1666 2645 conceditur
1697 2619 1734 2644 ut
1759 2615 1906 2645 leuentur
1940 2614 2049 2653 aliqua
2081 2623 2131 2643 ra-

290 2678 377 2707 tione
403 2677 549 2715 suspiria.
577 2676 646 2705 uult
671 2678 778 2704 autem
805 2674 951 2711 intellegi
983 2674 1076 2711 quasi
1110 2674 1303 2711 quibusdam
1337 2673 1509 2703 tormentis
1542 2673 1660 2702 ueneni
1692 2672 1834 2701 animum
1868 2681 1959 2701 suum
1992 2671 2130 2701 cruciari

290 2732 345 2774 ΥΟ.
373 2733 485 2762 leuare.
512 2733 666 2770 Figuram
691 2731 818 2761 locutio.
845 2740 900 2767 pro
928 2739 963 2759 eo
989 2730 1071 2767 quod
1097 2733 1147 2759 est
1172 2729 1272 2758 dicere
1297 2728 1387 2769 (sic).
1415 2737 1516 2767 neque
1542 2732 1592 2758 est
1618 2729 1776 2766 possibile
1800 2732 1838 2757 ut
1871 2727 2014 2757 releuem
2038 2735 2132 2765 prae-

291 2790 399 2819 cordia
424 2790 524 2819 nimio
550 2789 697 2817 anhelitu
723 2790 859 2825 grauata
885 2786 945 2828 ¹33³·
1040 2786 1111 2828 Βφε
1150 2785 1249 2815 miser.
1276 2785 1326 2814 Ad
1354 2786 1411 2815 hoc
1439 2785 1542 2822 inquit
1567 2785 1725 2814 adductus
1751 2794 1820 2814 sum
1845 2788 1881 2814 ut
1907 2784 2035 2813 credam
2061 2784 2129 2812 sab.

292 2846 486 2875 carminibus
511 2849 636 2874 mentes
662 2843 812 2873 hominnm
837 2852 931 2879 posse
957 2845 1137 2879 permutare
1163 2842 1247 2880 quod
1273 2846 1370 2871 antea
1396 2842 1607 2879 denegabam.
1633 2851 1667 2882 γ;
1693 2850 1772 2880 enyo.
1803 2839 1909 2879 Cogor
1935 2840 2041 2878 inquit
2066 2848 2132 2869 cre-

292 2902 364 2930 dere
391 2902 475 2939 quod
503 2906 596 2930 antea
623 2910 684 2929 nou
710 2900 878 2929 credebam
905 2899 1047 2926 carmina
1074 2899 1243 2936 plurimum
1272 2908 1364 2936 posse
1392 2898 1492 2935 (quod
1518 2902 1592 2926 aute
1618 2898 1774 2935 negabam
1801 2895 1853 2934 C).
1889 2896 1974 2926 conf.
2008 2894 2045 2925 C.
2095 2896 2130 2935 8)

292 2958 415 2987 sabella
440 2963 548 2985 autem
575 2967 669 2985 earm.
696 2966 757 2985 om.
774 2955 808 2984 R.
860 2955 894 2992 9)
924 2964 1013 2983 naen.
1041 2954 1139 2991 Qash.
1179 2953 1333 2992 falioqm'
1357 2953 1417 2988 x-Q.
1437 2953 1565 2991 proprie
1591 2963 1652 2984 om.
1681 2952 1803 2991 (G·.>)Q.
1832 2952 1961 2990 proprie
1986 2961 2079 2981 naen.
2100 2951 2129 2980 2.

296 3014 351 3052 12)
377 3012 452 3042 <licit
478 3013 513 3041 R.
581 3013 635 3050 13)
661 3013 759 3047 Quasi
786 3012 861 3040 trib.
888 3010 998 3039 MRA2
1027 3009 1198 3048 (tributui)
1225 3009 1329 3048 (KQ).
1355 3009 1432 3047 qzwrl
1457 3010 1532 3039 trib.
1560 3020 1605 3039 1'V.
1632 3010 1708 3047 stip.
1734 3008 1812 3047 qnod
1842 3007 1914 3043 uult,
1945 3017 2007 3038 om.
2040 3008 2129 3042 trib„

292 3069 359 3099 afh.
414 3070 467 3107 15)
495 3064 704 3098 Stersi'dorum
731 3067 755 3095 R
781 3071 807 3096 el
830 3067 1049 3105 stepsieherum
1076 3076 1098 3095 r.
1126 3066 1313 3095 See-sicerum
1338 3075 1368 3093 v.
1396 3066 1463 3094 rell.
1479 3065 1692 3095 stesichorum.
1744 3065 1799 3103 16)
1813 3063 1931 3103 serunt
1953 3063 2017 3092 afh.
2044 3062 2129 3093 Stes.

293 3135 364 3155 esse
390 3125 474 3163 quod
500 3123 568 3159 inf.7
607 3133 666 3153 om.
694 3124 782 3152 aiunt
812 3132 893 3159 exe,
920 3133 951 3152 v.
978 3122 1086 3160 Steps.
1114 3126 1290 3152 erecratum
1317 3130 1386 3151 esse
1413 3122 1494 3159 quod
1521 3122 1575 3150 inf.
1602 3131 1626 3150 r.
1653 3120 1746 3150 aizml.
1774 3129 1895 3150 caecum
1907 3118 2030 3158 sactum
2061 3119 2128 3149 afh.

294 3186 478 3211 excavatum
502 3180 573 3210 Mle.
601 3183 806 3209 excaecatum
833 3178 990 3217 AQGHQ).
1044 3180 1099 3216 17)
1126 3188 1257 3208 alamon.
1279 3179 1309 3207 2.
