2283 3535
749 208 794 239 m
823 208 956 239 m’on.
984 208 1061 239 xv.
1089 206 1184 238 xvr
1796 194 1874 234 511

173 334 238 373 22.
267 332 475 387 formaque
506 332 647 372 uineas
680 332 816 373 Nirea.
876 328 1004 371 Hunc
1035 342 1200 383 quoque
1230 343 1358 383 supra
1389 326 1460 382 (C.
1491 326 1570 376 III,
1602 327 1668 376 20,
1694 328 1764 381 15)
1797 334 1879 367 ret-

59 404 227 446 tulimus
270 403 616 445 formosissimum
662 402 714 443 ab
760 402 948 444 Homero
993 400 1229 457 praedicari
1274 401 1352 441 hoc
1396 415 1520 441 uersu
1565 399 1632 454 (Il.
1664 399 1721 449 II,
1755 400 1879 453 673):

59 477 205 534 Νιρεὺς
238 477 279 522 ὃς
310 477 525 521 κάλλιστος
558 476 659 531 ἀνὴρ
694 475 753 515 ὑπ’
785 475 914 515 Ἴλιον
947 474 1086 529 ἦλθεν.

173 551 237 592 23.
269 550 345 592 heu
375 550 475 591 heu!
505 550 642 591 transl.
674 550 725 590 αΙ.
758 549 949 590 maerebis
981 563 1056 588 αηι.
1098 545 1342 602 Ingemiscit
1374 544 1456 585 iam
1488 545 1623 585 uicem
1656 544 1778 594 illius,
1812 544 1883 599 qui

60 623 240 679 relinqui
272 622 434 664 meruit.
1929 627 1946 657 5

174 698 239 738 24.
270 705 332 738 ast
362 713 392 738 e.
423 712 462 737 u.
493 698 632 737 riser-o.
706 696 849 737 Res-ero
881 695 1004 737 modo
1035 693 1301 736 coniunctiuo
1333 692 1485 734 dicitur
1515 698 1702 747 tempore
1731 693 1883 741 futuro,

60 776 105 812 ut
134 778 196 812 est
225 769 328 811 illud
363 770 646 811 Terentianum
676 756 867 824 (Phorm.
899 767 976 818 IV,
1008 769 1046 818 3,
1080 768 1172 822 76):
1205 782 1336 808 uxore
1367 767 1438 808 tibi
1465 781 1563 822 opus
1595 773 1663 814 est,
1696 766 1851 807 dixero.

728 921 1020 978 EPODOS
1063 921 1219 975 XVI.

882 1033 1066 1078 ACRON.

1915 993 1953 1024 10

176 1140 318 1181 Altera
337 1140 361 1180 τ’.
384 1146 408 1180 t.
432 1139 465 1179 b.
489 1153 520 1179 c.
541 1153 575 1178 α.
634 1137 788 1184 Altera,
811 1135 978 1191 quando
999 1134 1212 1176 Antonius
1234 1133 1449 1175 dimioauit
1472 1139 1618 1175 contra
1633 1130 1886 1188 Augustum.

177 1215 214 1254 2.
246 1213 402 1254 uiribus
432 1213 526 1253 ruit.
585 1209 883 1266 Magnitudine
914 1224 989 1251 sua
1019 1208 1192 1250 laborat.

177 1287 214 1327 3.
245 1286 388 1329 Marsi.
450 1283 537 1337 Qui
567 1284 694 1339 primi
724 1297 893 1324 mouere
925 1281 1035 1323 bella
1057 1280 1211 1323 ciuilia.

179 1360 216 1400 5.
248 1359 417 1400 aemula.
474 1357 641 1399 Inuida.
1919 1361 1956 1390 15

179 1433 214 1473 6.
246 1433 397 1488 now'sq.
430 1447 464 1473 r.
523 1430 710 1486 Magnis,
741 1436 784 1471 ut
816 1428 885 1485 (B.
903 1427 983 1479 ΙΙΙ,
1007 1430 1101 1484 86);
1137 1429 1264 1469 Pollio
1296 1437 1327 1469 et
1357 1429 1436 1484 τ’ρεε
1454 1429 1547 1482 facit
1568 1442 1674 1469 noua
1696 1429 1890 1468 carmina.

179 1508 216 1546 7.
247 1506 329 1547 Nec
348 1505 397 1559 fe.
420 1504 607 1546 caerulea
629 1504 730 1545 dom.
749 1503 882 1544 Germ.
897 1518 969 1558 pu.
1017 1502 1212 1543 Caerulea
1234 1501 1287 1541 ad
1309 1500 1451 1543 oculos
1473 1501 1643 1551 rettulit,
1667 1516 1770 1556 quos
1787 1501 1892 1556 stig-

65 1586 199 1620 matos
219 1578 386 1628 habent,
410 1584 492 1628 aut,
523 1577 630 1619 utin
653 1585 778 1634 gente
801 1574 968 1626 Caesia,
999 1575 1215 1617 oculorum
1233 1574 1370 1616 colore
1393 1574 1419 1615 i.
1443 1589 1476 1616 e.
1499 1574 1649 1616 caesio.
1673 1574 1891 1630 (eatin0?).

183 1741 214 1780 1)
241 1749 335 1769 nerea
360 1739 394 1768 M
417 1739 488 1769 Par.
516 1738 595 1776 A‚rv
623 1738 757 1778 (nerea),
796 1742 831 1768 ut
856 1746 937 1768 omn.
964 1736 1030 1766 fere
1054 1740 1134 1765 uett.
1160 1739 1192 1765 et
1216 1745 1297 1766 rece.
1327 1736 1404 1766 Hor.
1443 1737 1568 1766 codices
1608 1736 1722 1775 (Bern.
1761 1735 1786 1766 C
1823 1745 1894 1765 cum

67 1797 191 1835 glossa:
217 1796 379 1835 nimpha)‚
404 1800 531 1834 praeter
553 1795 663 1826 Ambr.
689 1795 785 1825 Nirea
809 1794 904 1830 ath.
931 1811 971 1814 —--
999 1803 1124 1831 quoque
1148 1792 1182 1821 M
1206 1793 1278 1822 Par.
1303 1793 1342 1822 A.
1368 1793 1462 1823 Bern.
1490 1792 1703 1832 ⁴A⁷R2G(Q).
1739 1801 1818 1822 nunc
1844 1796 1894 1822 esc.

66 1852 115 1892 (ἓ)
139 1863 176 1883 rv
202 1851 282 1890 (non
306 1852 388 1882 hunc
414 1857 474 1889 est,
498 1857 535 1883 ut
552 1852 581 1888 Q
597 1852 723 1891 refert).
774 1853 809 1891 2)
834 1851 999 1881 retulimus
1016 1851 1047 1879 h.
1066 1850 1086 1878 l.
1104 1849 1287 1885 MR2‚rafh.
1312 1850 1492 1880 rettulimus
1518 1850 1590 1879 Par.
1608 1850 1646 1880 A.
1667 1848 1844 1879 retullz'mus
1861 1859 1894 1880 v.

69 1927 109 1932 -—-
135 1910 189 1940 hoc
212 1919 304 1939 uersu
329 1919 388 1939 om.
414 1909 461 1939 fh.
510 1909 545 1948 3)
574 1904 628 1951 Νη
639 1918 708 1952 ρευς
731 1909 774 1937 Μ.
803 1908 924 1947 (Halm.
951 1906 1110 1936 NHPEIS
1137 1905 1165 1941 Q
1190 1907 1210 1934 l.
1237 1906 1275 1944 l.)
1310 1901 1472 1948 Νηρευσος
1502 1906 1575 1935 Par.
1603 1906 1642 1935 A.
1675 1907 1712 1935 In
1739 1904 1788 1935 2G
1814 1909 1895 1943 spat.

67 1977 137 1997 uae.
164 1967 312 1996 relietum
338 1970 396 1996 est.
423 1966 501 2003 R,f11
525 1975 585 1996 om.
611 1975 748 1995 uersum.
775 1974 832 1994 rva
865 1959 1003 2006 (Νηρεὺς
1031 1964 1175 2001 ανοεῑῃίῐε
1207 1964 1305 1993 trium
1337 1960 1503 2001 uersuum)
1523 1967 1554 1992 et
1570 1963 1650 1993 duos
1669 1963 1898 2001 praecedentes

69 2027 102 2053 et
139 2023 387 2061 subsequentem
427 2023 559 2052 addunt.
599 2022 679 2052 Cum
715 2031 798 2051 unus
836 2024 963 2051 tantum
1000 2029 1112 2050 uersus
1150 2020 1195 2049 sit
1231 2020 1347 2057 dictus,
1385 2028 1478 2057 quem
1514 2020 1577 2048 iam
1615 2029 1656 2048 ex
1694 2020 1759 2049 sch.
1796 2020 1835 2048 ad
1872 2019 1896 2054 Ι,

70 2079 123 2114 28,
153 2080 191 2108 10
218 2079 437 2117 cognouimus,
463 2080 521 2109 hos
547 2082 613 2108 tres
639 2088 709 2107 cum
734 2078 825 2107 uitiis
853 2078 919 2107 suis
946 2077 1130 2106 exscribere
1163 2075 1258 2105 facile
1291 2077 1547 2114 supersedemus.
1596 2076 1766 2113 Perperam
1791 2079 1898 2105 autem

71 2134 99 2170 Q
129 2144 240 2164 nomen
266 2135 354 2164 Nirei
388 2136 563 2172 exscripsit
588 2144 630 2164 ex
666 2135 715 2166 ed.
753 2134 875 2163 Veneta
902 2133 1043 2172 (Pate),
1082 2141 1162 2171 quae
1198 2133 1301 2170 primo
1337 2142 1432 2162 uersu
1468 2133 1567 2162 habet
1602 2141 1723 2174 νιρυες,
1759 2132 1898 2161 seeundo

72 2200 180 2234 νιρενς
205 2201 241 2221 ac
265 2192 363 2222 tertio
388 2201 500 2234 νιευρς
526 2191 598 2229 (sic,
624 2201 694 2228 non,
722 2185 830 2233 Νιρευς
855 2191 957 2229 primo
983 2194 1015 2220 et
1040 2190 1165 2228 tertio).
1221 2189 1257 2228 4)
1282 2188 1555 2228 heuMG(Q),1nv.
1581 2189 1653 2218 eheu
1678 2188 1816 2232 <pH‚afh.
1843 2188 1900 2217 heu

70 2247 126 2278 heu
149 2247 253 2290 ‘sRDL
291 2253 327 2278 ut
352 2248 463 2278 Ambr.
488 2248 585 2277 Fran.
611 2248 703 2278 Harl.
729 2248 825 2277 Bern.
850 2246 918 2276 AC.
945 2248 978 2276 in
1003 2247 1030 2276 E
1057 2247 1142 2284 prior
1166 2256 1185 2275 u
1210 2255 1310 2275 erasa.
1338 2245 1418 2275 eheu.
1444 2245 1516 2275 eheu
1544 2245 1611 2283 (bis
1636 2245 1729 2284 ergo)
1762 2245 1803 2274 K.
1828 2244 1900 2273 eheu

70 2304 126 2334 heu
150 2304 222 2334 Par.
248 2304 288 2334 A.
314 2304 349 2334 he
373 2304 429 2334 heu
453 2305 472 2334 b
499 2304 555 2343 (m.
583 2305 625 2344 s.)
651 2304 703 2334 BP
730 2308 789 2334 etc.
816 2304 857 2340 Q:
887 2303 969 2333 ‘eheu
992 2303 1087 2332 Fabr.
1114 2303 1170 2332 heu
1194 2303 1273 2332 rell.y
1299 2302 1440 2341 Ignoscit
1465 2302 1501 2331 R.
1567 2301 1601 2340 6)
1629 2302 1767 2331 alterum
1790 2300 1900 2330 Risero

71 2371 132 2391 om.
158 2360 264 2391 rvafh.
315 2359 349 2400 7)
373 2360 426 2390 tihi
448 2361 481 2390 M
504 2361 576 2391 Par.
601 2360 763 2400 ARG(Q).
789 2361 844 2390 ubi
871 2361 899 2389 2.
926 2360 995 2389 rell.
1024 2369 1084 2389 om.
1112 2377 1154 2380 —-
1180 2359 1301 2388 duxero
1328 2358 1468 2396 2‚rvafh.
1495 2358 1607 2388 dixero
1631 2358 1666 2387 M
1690 2358 1762 2388 Par.
1788 2357 1844 2386 AR
1870 2360 1901 2386 et

72 2416 110 2455 G,
136 2418 191 2456 qui
216 2426 295 2447 corr.
322 2417 443 2448 duxero
461 2427 503 2447 ex
529 2416 651 2447 dixero.
678 2427 755 2455 opus
780 2421 822 2446 est
845 2417 930 2452 libri,
958 2425 1022 2445 non
1047 2424 1118 2445 esse.

187 2472 348 2504 ACRON.
396 2472 431 2513 *)
458 2473 613 2504 ParAad
638 2475 722 2503 hunc
748 2483 797 2512 ep.
825 2474 944 2503 scholia
968 2473 1103 2502 Acronis
1128 2481 1192 2501 non
1217 2473 1324 2502 habet.
1348 2472 1398 2502 Ad
1423 2472 1520 2510 pplm.
1545 2472 1672 2501 alterna
1689 2471 1759 2501 uice
1786 2471 1901 2500 haeroo

80 2530 205 2560 alterno
231 2530 367 2560 iambico
394 2531 508 2568 scripta
534 2531 560 2559 ἓ.
587 2531 664 2560 verii
688 2531 809 2559 oratius
835 2530 891 2559 rei.
918 2539 948 2567 p.
975 2529 1070 2558 deflet
1095 2528 1256 2558 fortunam
1281 2528 1391 2559 Ambr.
1441 2529 1490 2558 Ad
1514 2528 1661 2566 populum
1693 2528 1750 2557 alt..
1781 2537 1811 2556 u.
1846 2527 1901 2555 he-

73 2587 156 2617 roico
181 2587 239 2616 alt.
265 2587 362 2616 iamb.
388 2596 446 2616 ser.
487 2586 554 2624 (est
591 2586 669 2625 om.)
707 2596 816 2616 uerum
842 2587 908 2616 hor.
933 2586 997 2615 ΒΡ.
1024 2586 1097 2615 defi.
1123 2584 1286 2615 fortunam
1311 2595 1338 2627 γ.
1387 2586 1436 2614 Ad
1452 2585 1597 2624 populum
1621 2594 1681 2613 om.
1709 2583 1811 2620 ΑΕΚ,
1848 2582 1903 2620 qui

80 2644 221 2673 habent:
258 2642 325 2672 Alt.
351 2653 381 2672 u.
409 2652 481 2673 eroo
508 2642 598 2681 (eron
622 2643 668 2682 K)
707 2643 761 2672 alt.
789 2643 829 2672 ia.
857 2652 916 2671 scr.
943 2645 1003 2672 est.
1028 2651 1138 2672 uerum
1164 2643 1309 2672 horatius
1335 2643 1380 2672 rei
1410 2652 1440 2679 p.
1478 2642 1540 2679 (sic
1571 2640 1644 2670 AK.
1677 2639 1833 2669 Horacius
1859 2639 1903 2667 rei

78 2701 203 2739 publice
219 2696 263 2740 E)
289 2699 360 2729 defl.
387 2699 559 2731 fortunam.
585 2699 688 2728 Fran:
713 2699 764 2728 Ad
789 2699 934 2737 porilum.
954 2697 1034 2737 (sie)
1053 2698 1109 2727 alt.
1135 2700 1216 2729 uice.
1242 2700 1340 2729 heroo
1365 2699 1491 2728 alterna
1507 2698 1652 2733 iambico,
1679 2696 1806 2726 omissis
1831 2695 1901 2724 rell.

76 2757 321 2788 commiseratio
358 2757 557 2795 reipublicae
594 2756 672 2798 (Βφ.
710 2757 756 2786 rei
790 2757 915 2794 publice
950 2755 1024 2785 bRP
1059 2755 1171 2793 Harl.)
1210 2755 1249 2784 de
1273 2755 1367 2784 bellis
1393 2755 1542 2784 ciuilibus
1567 2755 1587 2783 b
1613 2753 1702 2782 Harl.
1728 2752 1779 2794 Βφ
1805 2755 1836 2780 et
1861 2751 1902 2787 H,

76 2815 131 2853 qui
156 2815 321 2852 adiungit:
347 2814 487 2843 Metrum
512 2814 614 2852 primo
640 2823 735 2842 uersu
759 2813 932 2842 heroicum.
959 2812 1097 2841 secundo
1123 2812 1305 2841 iambicum.
1332 2811 1427 2840 Bern.
1454 2810 1494 2840 C:
1533 2810 1628 2839 deflet
1653 2809 1815 2840 fortunam
1839 2808 1903 2837 rei-

76 2871 234 2909 publicae.
271 2870 360 2900 Reec.
396 2871 516 2900 habent
554 2871 638 2900 inter
675 2870 755 2900 alias
793 2870 886 2899 inser.
924 2870 1023 2898 hanc:
1061 2868 1111 2897 Ad
1148 2868 1318 2898 Romanos.
1357 2867 1522 2896 Acen-ima
1546 2866 1695 2896 imcectiua
1726 2864 1901 2902 (Ammian.

77 2927 135 2965 XI,
164 2927 232 2966 10).

192 2981 248 3022 12)
273 2983 511 3021 Argumentum
536 2992 577 3013 ex
614 2984 824 3021 inscriptione
860 2982 1045 3020 petendum.
1112 2979 1167 3019 15)
1193 2980 1319 3010 inuidia
1354 2990 1414 3010 err.
1447 2981 1479 3010 in
1511 2991 1525 3010 r
1558 2980 1635 3010 Bas.
1670 2981 1711 3010 45
1743 2979 1789 3009 fh.
1849 2978 1904 3018 17)

78 3040 248 3078 stigmatos
271 3040 336 3074 R,r.
362 3041 531 3079 stigmatus
559 3042 586 3069 1.
620 3039 814 3078 stigmam-os
843 3048 946 3069 vmca.
980 3034 1203 3079 στιγματικοὺς
1234 3037 1279 3067 fh.
1311 3038 1519 3075 participium
1550 3036 1649 3075 praef.
1681 3037 1805 3067 nomini
1838 3036 1903 3065 adi.

81 3097 198 3134 quippe
222 3098 292 3127 uoci
318 3098 459 3127 incertae
484 3096 566 3136 (Cic.
594 3097 632 3127 Ο.
659 3097 700 3133 11,
734 3095 779 3136 7).
805 3096 887 3127 conf.
918 3096 1032 3134 Veget.
1059 3095 1098 3123 de
1123 3094 1159 3123 R.
1186 3094 1228 3122 M.
1263 3094 1288 3130 Ι,
1325 3094 1354 3123 8.
1386 3094 1428 3130 ΙΙ,
1461 3094 1490 3123 5.
1538 3093 1651 3123 Altera
1683 3093 1798 3123 scholii
1830 3101 1903 3130 pars

82 3151 275 3183 difficillima
300 3158 357 3183 est.
405 3154 478 3184 Non
502 3154 614 3190 latina,
642 3163 771 3191 prorsus
798 3154 975 3190 deprauata
1000 3154 1097 3189 atque
1121 3150 1261 3179 absurda
1286 3154 1335 3180 est
1359 3150 1447 3188 vulg.
1475 3151 1586 3180 lectio:
1625 3154 1678 3179 aut
1698 3154 1781 3190 gnata
1805 3147 1904 3178 caesia

82 3210 241 3240 oculorum
267 3210 369 3240 colore
394 3211 414 3242 i.
442 3220 469 3240 e.
504 3210 614 3240 catino.
662 3210 707 3240 Et
732 3210 788 3240 hoc
813 3211 892 3246 loco,
919 3213 953 3238 ut
979 3210 1011 3239 iu
1039 3207 1224 3238 difficiliore
1249 3215 1383 3248 quoque⁷
1415 3205 1442 3242 Q
1468 3206 1678 3244 inpotentiam
1706 3215 1795 3235 suam
1828 3205 1904 3233 sim-
