2283 3535
853 192 898 223 IN
927 193 1059 225 El’on.
1088 196 1127 225 v.
1814 191 1894 230 465

69 310 157 351 ficis
187 309 420 360 abundans,
453 318 497 352 ut
527 311 595 364 (Β.
629 311 752 361 VIII,
786 315 878 367 95):
931 315 1010 354 Has
1048 316 1192 356 herbas
1225 325 1340 372 alque
1378 318 1474 359 haec
1510 321 1632 362 Ponto
1665 323 1766 363 mihi
1794 323 1896 365 lecta

68 381 254 438 uenena[.
318 384 403 438 lpse
435 384 539 424 dedit
561 385 723 431 Moeris,
757 388 1175 442 ›eas-cunturplurima
1203 389 1358 445 Ponto]
1417 390 1526 432 Nam
1549 399 1588 432 et
1620 393 1687 434 hic
1721 396 1895 445 Quidam

66 455 208 497 uolunt
243 457 444 497 Hiberiam
475 472 556 497 non
580 456 833 511 Hispaniam
867 458 1021 499 dietam
1053 460 1124 500 sed
1147 460 1282 502 Ponto
1316 462 1525 503 ciuitatem
1549 465 1742 516 uicinam.
1780 469 1891 510 unde

66 528 139 583 (A.
170 528 254 578 IX,
288 530 414 584 582):
448 538 482 571 ec
509 531 717 585 serruqine
749 532 883 573 clarus
915 532 1080 573 Hibera.

179 603 244 642 23.
278 612 310 643 e!
340 618 430 644 ossa
461 618 494 644 o.
527 617 559 643 r.
591 605 614 644 i.
647 619 677 644 c.
752 603 813 645 Ut
848 605 994 646 Lucan.
1027 605 1121 659 (VI,
1155 607 1275 661 552):
1310 622 1541 663 morsusque
1572 610 1760 665 luporum
1795 614 1891 654 Ex-
1940 625 1958 653 5

60 684 196 732 pectat
226 677 344 717 siccis
359 684 533 731 raptura
555 691 574 716 e
590 677 780 730 saucibus
812 687 939 731 artus.

181 750 246 788 24.
275 749 450 803 flammis
481 763 518 789 (ι.
555 749 687 790 Colch.
748 749 908 801 Quales
923 750 1079 792 Medea
1109 752 1301 794 tractauit
1333 754 1447 808 apud
1470 753 1652 797 Colchos
1689 756 1740 797 de
1762 756 1889 813 lignis

63 820 311 862 infecundis.

176 895 240 935 25.
274 894 469 949 expedita.
530 892 768 935 Succincta.

177 968 348 1021 Saqana.
407 965 572 1008 Nomen
593 968 804 1008 ueneficae
826 968 1008 1010 alterius.
1068 968 1191 1010 Haec
1213 971 1415 1011 senatoris
1433 971 1650 1014 cuiusdam
1673 990 1778 1016 uxor
1798 975 1887 1016 fuit.
1918 986 1956 1016 10

175 1041 353 1081 25-28.
386 1055 578 1096 spurqens
600 1041 751 1081 Auem.
785 1056 845 1097 aq.
907 1041 965 1083 Ut
998 1040 1071 1096 (A.
1094 1041 1172 1092 IV,
1196 1043 1317 1097 512):
1350 1044 1565 1099 Sparserat
1595 1055 1631 1087 et
1662 1048 1801 1088 lalices
1832 1050 1886 1089 si-

60 1114 234 1154 mulatos
267 1114 391 1167 fomis
423 1115 587 1155 Auerni.

172 1188 332 1243 asperis.
391 1186 557 1227 Erectis
588 1186 679 1241 ipso
720 1201 934 1228 sacrorum
971 1188 1125 1237 furore,
1171 1196 1213 1228 ut
1253 1190 1401 1230 Lucan.
1449 1190 1523 1244 (V,
1560 1193 1678 1247 171);
1731 1195 1886 1235 Erectis

60 1260 243 1300 discussa
276 1264 408 1301 comis.

171 1347 352 1373 currens.
411 1332 587 1381 Furens,
610 1340 653 1373 ut
675 1331 748 1386 (A.
768 1332 826 1382 X,
846 1333 967 1385 710):
990 1334 1272 1389 infremuitque
1291 1337 1434 1387 furens
1456 1346 1488 1376 el
1516 1336 1718 1378 inhorruit
1738 1352 1885 1380 armos.
1917 1348 1953 1377 15

171 1407 235 1446 29.
268 1406 410 1447 abacta
441 1420 479 1445 η.
521 1407 557 1446 V.
590 1421 620 1446 c.
693 1404 847 1446 Veiam
878 1405 1001 1446 etiam
1038 1406 1207 1447 nomine
1246 1406 1371 1447 aliam
1411 1409 1641 1450 ueneficam
1680 1411 1885 1452 sacrificio

56 1479 138 1533 ipsi
169 1479 227 1518 ait
256 1478 505 1527 interfuisse,
553 1493 679 1532 quarn
710 1478 753 1518 in
784 1478 897 1519 nullo
929 1478 1085 1519 scelere
1116 1494 1199 1520 non
1239 1479 1407 1521 misceri
1445 1489 1745 1524 commemorat
1783 1483 1885 1540 [uel,

57 1551 168 1606 quod
198 1550 345 1592 melius
378 1558 450 1599 est,
484 1557 717 1591 consortem
749 1551 935 1592 omnium
967 1551 1170 1592 scelerum
1202 1553 1430 1595 eorundem
1462 1554 1585 1610 esse]

169 1625 234 1665 31.
269 1625 334 1679 [ῖς.
369 1625 405 1665 d.
465 1623 527 1665 Ut
556 1623 816 1664 infoderetur
846 1639 961 1679 puer.

167 1697 455 1738 Exhauriebat.
515 1694 763 1751 Aperiebat,
795 1702 838 1737 ut
871 1695 945 1752 (A.
976 1695 1037 1746 X,
1070 1698 1192 1753 314):
1227 1699 1333 1740 lutus
1364 1699 1506 1741 hazcrit
1536 1709 1733 1756 apertum.
1912 1712 1953 1741 :20

168 1772 366 1825 inqemens
398 1770 472 1811 lab.
534 1768 816 1810 Animositate
848 1770 987 1825 operis
1018 1770 1279 1812 laborantem
1312 1772 1518 1828 designat.

165 1844 231 1884 32.
264 1858 338 1899 quo
363 1859 405 1899 p.
436 1844 509 1897 inf.
534 1859 577 1898 p.
640 1842 700 1883 Ut
731 1849 896 1884 extante
919 1843 1055 1897 capite
1077 1843 1235 1894 infossi,
1274 1845 1373 1886 dum
1395 1837 1585 1887 diuersos
1608 1846 1724 1889 cibos
1745 1848 1884 1902 porri-

54 1923 170 1972 gunt,
203 1917 275 1958 diu
306 1917 490 1957 animam
521 1924 796 1957 reseruarent.

52 2058 165 2078 rasura
190 2058 208 2078 a
233 2050 310 2078 2111.
338 2050 437 2079 habet
463 2053 560 2087 atque,
588 2057 668 2086 quae
693 2049 780 2086 uulg.
807 2049 903 2078 lectio
929 2053 988 2078 est.
1015 2049 1126 2083 Iolcos.
1155 2059 1200 2087 gr.
1224 2045 1366 2087 Ἰωλκός,
1392 2053 1474 2079 teste
1501 2050 1617 2088 Porph.
1644 2051 1718 2080 urbs
1744 2051 1882 2080 Thessa-

53 2106 117 2134 liae
149 2109 217 2142 est,
249 2109 285 2134 ut
319 2115 359 2134 cx
394 2106 472 2134 loeis
504 2104 689 2141 Strabonis,
721 2104 929 2142 Apollodori,
962 2105 1084 2141 Melae,
1112 2105 1198 2134 Liuii
1224 2109 1327 2143 patet,
1366 2105 1473 2136 Acron
1499 2110 1607 2136 autem
1632 2117 1704 2136 eum
1735 2107 1884 2136 Thessalis

53 2161 172 2190 uenenis
198 2160 250 2198 (C.
276 2161 299 2196 Ι,
328 2163 380 2197 27,
409 2161 466 2199 21)
500 2161 551 2190 hic
587 2159 722 2189 Colchica
753 2160 873 2198 (Epod.
900 2160 1000 2197 XVII,
1034 2161 1086 2190 35.
1113 2161 1195 2190 Plin.
1221 2161 1370 2198 XXVIII,
1398 2162 1432 2199 9)
1465 2164 1532 2191 siue
1561 2162 1668 2192 Colcha
1691 2172 1804 2192 uenena
1831 2163 1882 2200 (C.

52 2216 95 2253 ΙΙ,
124 2218 174 2253 13,
201 2218 230 2246 8.
259 2216 353 2246 Ouid.
379 2216 422 2245 M.
449 2217 517 2253 VII,
545 2217 625 2255 394)
652 2216 835 2245 confudisse
866 2217 1006 2246 uidetur.
1042 2216 1200 2251 Quocirca
1232 2219 1384 2255 displicet
1415 2219 1529 2248 lacuna
1562 2223 1634 2256 post
1667 2219 1763 2248 Iolcos
1789 2229 1883 2257 quam

55 2271 82 2307 Q
113 2273 225 2302 statuit
260 2274 306 2302 sic
338 2273 551 2310 explendam:
585 2272 655 2301 urbs
691 2272 878 2309 Thessaliae,
920 2273 1056 2302 Hiberia.
1089 2283 1107 2315 γ
1137 2274 1234 2303 habet
1273 2279 1400 2311 praeter
1433 2275 1532 2303 schol.
1570 2275 1687 2312 Porph.
1727 2276 1881 2312 glossam:

52 2328 171 2358 hiolcos.
197 2329 278 2368 reqz'o
296 2333 345 2358 est
370 2329 557 2358 thessaliae.
585 2328 753 2358 Scholion:
780 2329 918 2358 hiolchos
942 2330 1018 2358 urbs
1046 2332 1094 2358 est
1121 2330 1304 2359 thessaliae.
1331 2330 1499 2360 Thessalia
1525 2334 1632 2360 autem
1651 2349 1691 2352 —
1709 2340 1789 2369 quae
1816 2342 1882 2370 seq.

52 2386 127 2415 uide
160 2386 255 2415 infra.
290 2386 322 2415 Si
355 2387 579 2416 emendatione
612 2395 690 2423 opus
727 2390 830 2423 esset,
864 2396 1015 2424 ponerem
1040 2386 1166 2415 Hiberia
1198 2396 1256 2424 pro
1281 2386 1392 2423 Iolcos,
1427 2387 1471 2415 ita
1502 2390 1537 2415 ut
1571 2387 1651 2416 haee
1677 2388 1780 2417 altera
1805 2389 1881 2418 urbs

52 2445 180 2471 tantum
198 2443 367 2477 diceretur,
395 2443 427 2471 id
454 2442 537 2480 quod
563 2441 683 2471 factum
709 2446 757 2470 est
783 2443 816 2471 in
836 2443 898 2485 Βφ,
926 2444 980 2481 qui
1006 2444 1144 2472 habent:
1170 2442 1296 2471 hiberia.
1323 2444 1483 2472 hiberiam
1501 2444 1591 2473 dicit.
1618 2453 1697 2481 quae
1724 2445 1758 2473 in
1785 2449 1881 2482 ponto

51 2498 188 2528 habetur
212 2499 447 2527 habundantem
472 2499 639 2526 ueneficiis
664 2498 701 2526 de
727 2507 789 2535 qua
815 2499 924 2536 uirgil.
952 2499 1126 2527 Nascuntur
1148 2499 1282 2537 plurima
1301 2504 1402 2537 ponto.
1436 2499 1519 2529 conf.
1550 2500 1668 2537 Porph.
1689 2499 1764 2529 Loe.
1783 2501 1880 2539 Verg.

52 2554 116 2583 iam
141 2563 236 2591 supra
261 2555 300 2583 ad
327 2554 362 2584 C.
388 2555 413 2591 I,
442 2555 492 2591 27,
521 2555 573 2583 21.

166 2610 200 2648 2)
227 2610 299 2648 Ipse
324 2628 365 2631 ⁴—
392 2611 493 2640 Ponto
520 2620 578 2640 om.
605 2610 694 2647 A2,1·.
743 2628 785 2631 -—
834 2611 915 2640 Nam
940 2615 967 2640 et
988 2610 1134 2640 hiberiam
1158 2611 1205 2640 hic
1230 2621 1255 2649 q.
1282 2621 1310 2640 u.
1336 2621 1395 2640 non
1420 2611 1495 2650 hisp.
1521 2611 1562 2641 A.
1590 2616 1617 2640 et
1640 2621 1700 2642 om.
1730 2613 1786 2650 2‚r.
1814 2613 1878 2642 hib.

51 2671 78 2697 et
101 2677 163 2697 non
191 2668 218 2696 2.
282 2667 316 2705 4)
346 2667 462 2697 Hibera
487 2667 622 2704 A2‚1·vm
647 2668 769 2707 (hyb.).
796 2668 866 2696 rell.
894 2668 994 2698 lbera.
1022 2668 1158 2705 Al‚rmv
1183 2668 1324 2697 addunt:
1351 2672 1382 2697 et
1408 2669 1476 2697 illic
1500 2678 1557 2706 pro
1583 2670 1722 2706 pontica.
1753 2670 1791 2698 2:
1825 2679 1880 2707 pro

52 2724 190 2761 pontica.
217 2724 287 2753 rell.
313 2733 373 2752 om.
439 2724 473 2761 5)
501 2732 668 2761 morsuque
696 2724 750 2757 l‚r.
776 2728 803 2753 et
827 2729 951 2762 spectat.
974 2724 1035 2753 Ae.
1062 2728 1212 2762 capturus
1240 2725 1268 2753 2.
1299 2727 1379 2762 rapt.
1413 2724 1496 2753 fauo.
1530 2729 1589 2753 art.
1623 2735 1682 2754 om.
1721 2727 1793 2762 1‚m.
1844 2727 1878 2764 9)

53 2780 140 2809 subc.
167 2781 196 2808 2.
248 2780 304 2818 13)
330 2783 365 2808 ut
391 2789 449 2808 om.
477 2779 535 2808 Re.
588 2779 642 2817 14)
668 2780 809 2809 discussa
834 2780 893 2816 A2,
924 2784 959 2809 ut
985 2781 1058 2809 libri
1085 2780 1218 2809 Lucani.
1246 2781 1366 2809 discisa
1390 2791 1422 2810 v.
1448 2781 1517 2809 rell.
1545 2780 1687 2810 discissa.
1741 2782 1796 2820 17)
1823 2782 1878 2810 Ve.

53 2836 150 2865 etiam
183 2846 231 2865 no.
256 2836 296 2864 al.
322 2845 392 2864 uen.
419 2845 500 2866 sacr.
526 2836 565 2864 A.
592 2835 647 2864 Ve.
676 2837 773 2865 etiam
805 2835 867 2865 alio
894 2837 1024 2865 nomine
1049 2845 1117 2865 uen.
1144 2837 1204 2874 Re,
1232 2837 1285 2874 qui
1312 2838 1436 2874 pergit:
1464 2836 1568 2866 scribit
1593 2838 1699 2866 sacrif.
1745 2855 1785 2858 V
1822 2838 1878 2867 Vc.

53 2893 149 2921 etiam
174 2893 214 2922 al.
240 2902 312 2921 uen.
340 2901 388 2921 no.
421 2902 501 2921 sacr.
532 2894 558 2920 1.
585 2893 688 2921 ueiam
713 2897 740 2921 et
763 2893 869 2929 aliam⁷
899 2903 960 2922 om.
986 2894 1123 2927 nomine,
1149 2903 1172 2921 r.
1202 2902 1249 2921 ue.
1277 2893 1373 2921 etiam
1399 2893 1440 2921 al.
1467 2902 1516 2922 no.
1542 2903 1612 2922 uen.
1639 2903 1739 2922 mvca.
1766 2893 1879 2923 Veiam

52 2957 102 2978 no.
133 2958 205 2977 uen.
238 2949 333 2978 etiam
366 2950 406 2977 al.
440 2958 520 2978 sacr.
547 2948 624 2983 th.
677 2949 731 2986 18)
759 2949 867 2978 interf.
901 2950 948 2978 ait
973 2949 1059 2986 R2,r.
1086 2958 1144 2978 non
1167 2949 1248 2978 nullo
1280 2959 1321 2978 sc.
1348 2950 1437 2978 misc.
1472 2949 1637 2986 Rl‚mvca.
1673 2960 1767 2988 quam
1800 2951 1879 2980 nullo

53 3013 96 3033 sc.
128 3004 256 3034 immiso.
281 3015 305 3034 r.
332 3022 359 3025 -—
406 3006 457 3034 uel
484 3023 524 3026 -κ
551 3015 620 3034 esse
651 3005 696 3034 fh.
728 3006 797 3035 rell.
824 3016 884 3035 om.
912 3023 947 3026 j-
980 3007 997 3035 2
1023 3006 1131 3035 addit:
1159 3006 1192 3035 id
1219 3010 1266 3035 est
1292 3015 1353 3035 non
1379 3009 1501 3035 semota
1519 3005 1657 3043 (remota
1675 3007 1805 3045 Porph.)
1835 3009 1876 3036 ab

52 3060 118 3089 ulla
136 3062 340 3091 conscientia.
389 3062 446 3100 20)
473 3063 570 3091 schol.
597 3072 656 3091 om.
680 3062 742 3091 A2.
794 3063 850 3100 21)
876 3063 986 3091 haurit
1012 3060 1217 3101 R1(G‘.>)‚rQ.
1243 3063 1351 3092 hausit
1375 3061 1515 3091 mvcafh.
1566 3063 1622 3101 22)
1650 3064 1879 3093 animositatem

52 3116 220 3145 laborantis
246 3118 329 3155 sign.
357 3119 373 3146 2
401 3117 538 3157 clesiynat
566 3118 632 3155 A,r.
662 3119 730 3147 rell.
757 3118 928 3157 significat.
995 3119 1050 3156 23)
1084 3118 1201 3148 infosso
1232 3119 1291 3148 Α2.
1326 3119 1491 3156 porrigunt
1525 3118 1564 3148 A.
1596 3119 1664 3148 rell.
1698 3120 1877 3156 porrigant.

53 3173 247 3211 porrigerent
274 3173 311 3208 Q.
376 3174 433 3213 24)
459 3179 652 3204 reseruarent
675 3174 794 3211 AR2,1·.
819 3175 888 3204 rell.
915 3179 1100 3204 reseruaret.

188 3238 344 3262 HAUTEAL.
362 3239 428 3258 Aen.
446 3239 484 3259 ET
502 3240 613 3260 PORPH.
1574 3235 1605 3259 30
