2283 3535
343 1036 380 1067 10

407 232 491 271 490
1045 242 1150 276 ACR.
1175 243 1236 274 ET
1261 242 1429 274 PORPH.
1463 242 1610 274 comi.

522 367 586 407 18.
619 380 821 407 auersum.
879 364 976 407 Non
1007 366 1245 407 audientem
1277 373 1317 407 et
1342 366 1508 416 iratum,
1538 373 1584 406 ut
1623 365 1697 422 (A.
1718 365 1776 415 ΙΙ,
1801 365 1925 421 170):
1958 379 2108 407 auersa
2140 366 2236 408 deae

409 453 532 480 mens.

525 513 590 553 19.
623 512 774 553 Iom'us.
836 511 1125 553 Hadriaticus.

522 586 587 627 20.
621 587 804 627 carinam
833 600 867 626 r.
927 585 1091 626 Nauem
1123 584 1294 626 soluerit
1323 592 1580 640 tempestate.
1642 583 1683 625 A
1728 591 1846 640 parte
1890 591 2044 634 totum3
2091 586 2236 627 carina

408 658 519 700 enim
553 658 678 700 totius
708 660 829 701 nauis
861 674 1069 715 compago
1101 665 1172 700 est.

522 734 586 773 21.
620 735 765 788 opima.
824 732 1077 787 Praecipua,
1109 739 1180 772 aut
1211 731 1393 787 pinguis.

521 807 585 846 22.
613 820 723 862 porr.
754 820 804 846 sm.
834 807 858 846 i.
918 804 1015 846 Hoc
1045 812 1125 846 est:
1172 804 1207 845 si
1238 804 1420 844 cadauer
1450 804 1595 845 Maeui
1626 805 1667 844 in
1699 804 1820 845 litore
1851 804 2028 845 eiectum
2059 803 2235 845 marinis

407 877 556 919 auibus
587 878 761 919 iacuerit
794 878 923 919 cibus.
989 880 1187 919 Porrecto.
1246 877 1442 927 Extenta,
1489 886 1532 918 ut
1572 876 1648 932 (G.
1670 877 1749 927 ΙΙΙ,
1773 878 1896 933 351);
1940 878 2107 934 Quaque
2135 879 2239 919 iacet

407 953 578 993 medium
609 952 797 1007 Rhodope
821 960 1015 1007 porrecta
1045 952 1116 993 sub
1149 966 1278 993 axem.

519 1026 584 1066 23.
618 1025 722 1066 libid.
742 1040 835 1066 mm.
860 1040 991 1081 caper.
1054 1023 1331 1066 similitudini
1366 1023 1556 1078 inpudici
1588 1030 1627 1064 ct
1662 1023 1886 1078 petulantis
1907 1031 2056 1079 poetae
2078 1023 2237 1065 animal

407 1105 610 1154 conparat
638 1098 941 1148 inmolandum,
973 1098 1007 1139 si
1038 1097 1184 1139 mortis
1214 1097 1303 1138 eius
1333 1097 1420 1138 uoti
1451 1111 1623 1152 compos
1653 1097 1848 1138 extiterit.

1147 1226 1509 1271 PORPHYRION.

522 1321 557 1360 1.
590 1321 628 1360 2.
661 1320 776 1361 Mala
807 1336 837 1361 s.
868 1335 907 1360 η.
941 1336 970 1360 e.
1003 1335 1038 1360 (ι.
1058 1320 1085 1373 f.
1108 1335 1141 1360 ο.
1162 1319 1380 1360 Maeuium.
1442 1317 1528 1359 Hic
1549 1325 1610 1359 est
1631 1317 1826 1359 Maeuius
1861 1317 2232 1372 inportunissimus

407 1399 544 1448 poeta,
576 1407 700 1447 quem
723 1400 762 1433 et
782 1392 1000 1448 Vergilius
1022 1392 1230 1434 consimili
1253 1391 1505 1433 contumelia
1526 1392 1707 1446 (notati')
1738 1391 1925 1433 nominat
1947 1390 2016 1447 (B.
2038 1391 2117 1432 III.
2141 1392 2236 1447 90):

414 1467 498 1517 Qui
527 1467 705 1507 Bauium
734 1481 815 1507 non
846 1467 926 1508 odit
957 1475 1060 1507 anzet
1090 1475 1158 1507 tua
1193 1467 1385 1512 carmz'mz,
1419 1466 1566 1506 Maeui.
1628 1465 1802 1506 Olentem
1822 1473 1960 1506 autem
1991 1480 2068 1520 pro
2096 1465 2238 1521 putido

406 1539 563 1580 dictum
594 1539 762 1594 accipe3
796 1546 855 1580 est
887 1539 998 1580 enim
1031 1543 1169 1594 σχῆμα
1189 1539 1356 1592 λιτότῃς.
1405 1539 1517 1580 Μαῖα
1551 1539 1656 1587 alite,
1688 1537 1768 1579 hoc
1798 1545 1871 1588 est,
1904 1537 2014 1580 malo
2036 1537 2237 1593 auspicio.

405 1611 462 1653 Et
492 1612 685 1662 adtende,
717 1613 849 1653 alitem
880 1627 975 1653 eum
1005 1612 1074 1653 hic
1110 1612 1312 1653 feminino
1358 1625 1512 1666 genere
1557 1611 1726 1660 dixisse,
1760 1610 1861 1652 alibi
1906 1611 2134 1653 masculino
2166 1609 2236 1667 (C.

404 1685 482 1735 IV,
515 1688 554 1735 4,
589 1686 653 1741 ]):
692 1687 862 1736 Qualem
892 1688 1120 1727 ministrum
1150 1686 1332 1739 fulminis
1365 1685 1510 1726 alitem.

520 1761 558 1800 4.
590 1768 635 1801 ut
664 1760 774 1801 horr.
797 1776 836 1800 u.
857 1775 898 1800 u.
932 1761 956 1801 l.
979 1775 1015 1800 a.
1038 1775 1088 1800 m.
1106 1760 1146 1814 fl.
1205 1758 1402 1800 Jncunde
1434 1757 1553 1813 quasi
1584 1764 1709 1799 uento
1740 1759 1951 1813 praesenti
1982 1758 2237 1815 praecipiat,

405 1840 445 1874 et
475 1841 690 1888 utrumque
721 1834 829 1875 lalus
859 1833 980 1875 nauis
1010 1833 1154 1887 utique
1185 1831 1516 1886 intellegendum
1548 1839 1620 1873 est.

519 1908 556 1947 5.
587 1908 699 1961 m'yer
730 1908 912 1948 rudentis
949 1909 1085 1948 Eurus
1115 1908 1275 1948 v{auem-0
1308 1907 1425 1947 mari·
1487 1904 1603 1956 Quid
1634 1905 1720 1946 est?
1752 1920 1892 1947 euerso
1913 1908 2030 1956 mari,
2062 1920 2116 1947 an
2138 1920 2238 1947 con-

405 1979 545 2020 trariis
575 1979 797 2021 fluctibus?

523 2113 554 2151 l)
579 2122 728 2142 auersam.
757 2113 875 2150 duplex
900 2113 1006 2142 lectio.
1034 2113 1059 2142 si
1085 2110 1255 2141 aduersum
1282 2112 1477 2141 contrarium
1504 2115 1533 2141 ct
1559 2112 1718 2141 infensum
1744 2113 1815 2151 (inf.
1842 2117 1868 2142 et
1891 2113 2002 2143 iratam
2028 2112 2070 2152 C)
2097 2113 2123 2142 si
2147 2121 2237 2142 auer-

406 2180 477 2199 sum
503 2170 619 2199 iratum
646 2170 727 2208 (non
754 2170 949 2199 audi-endem
975 2175 1050 2199 uota
1076 2174 1131 2199 tua
1157 2169 1209 2207 C).
1236 2173 1269 2198 ut
1298 2170 1408 2207 (Vm-g.
1436 2169 1455 2198 l.
1482 2169 1520 2206 l.)
1553 2178 1665 2197 auersa
1690 2169 1761 2198 deae
1785 2179 1866 2198 mens
1889 2179 1915 2211 γ.
1943 2169 2025 2199 conf.
2052 2170 2089 2199 C.
2116 2169 2238 2198 Aduer-

405 2236 473 2255 sum
499 2226 535 2255 R.
577 2244 618 2247 —
660 2227 795 2255 aduersa
820 2227 856 2255 R.
923 2227 956 2266 3)
982 2227 1104 2255 Ionicus
1130 2227 1202 2255 edd.
1231 2232 1260 2255 et
1286 2224 1371 2264 (G‘?)
1401 2225 1438 2260 Q.
1464 2225 1569 2255 Ionius
1594 2225 1620 2254 A
1648 2226 1739 2264 (bis),
1766 2230 1801 2255 ut
1828 2236 1911 2256 omn.
1940 2226 2004 2256 fere
2037 2230 2116 2256 uett.
2143 2225 2234 2255 codd.

404 2283 544 2313 Horatii.
570 2283 676 2312 Aliter
700 2293 733 2312 se
758 2284 855 2312 habet
880 2292 929 2312 res
956 2293 1025 2312 cum
1052 2283 1222 2319 Achaicus,
1250 2282 1450 2322 Olympicus,
1476 2282 1620 2311 Troicus.
1648 2283 1724 2311 uide
1749 2283 1804 2311 lib.
1833 2283 1871 2312 de
1897 2281 1976 2312 Cod.
2006 2282 2099 2312 Bai-e.
2125 2291 2155 2320 p.
2187 2283 2235 2311 13.

403 2341 592 2370 Adriaticus
618 2340 708 2377 A2,r.
736 2341 826 2369 codd.
854 2341 916 2370 sibi
942 2350 1002 2370 non
1030 2344 1131 2370 const.
1195 2340 1230 2379 4)
1260 2341 1291 2369 id
1317 2344 1365 2370 est
1392 2349 1505 2369 nauem
1532 2340 1561 2368 2.
1588 2358 1630 2360 -
1655 2344 1768 2368 totum.
1796 2339 1830 2367 In
1862 2349 1925 2368 car.
1953 2339 1991 2368 A.
2057 2340 2092 2378 6)
2117 2339 2234 2376 optima

401 2398 430 2427 A
454 2399 516 2428 bis.
543 2398 574 2426 in
600 2396 712 2426 Ambr.
740 2402 753 2426 t
779 2407 870 2427 erasa
888 2397 1021 2436 praeda.
1048 2398 1167 2435 pignus
1193 2397 1228 2436 (l.
1255 2397 1414 2435 pinguis).
1443 2398 1515 2427 Non
1541 2397 1613 2426 ideo
1641 2396 1725 2435 (hinc
1748 2395 1833 2424 inicio
1859 2396 1942 2425 dixit
1968 2396 2117 2433 putidum
2137 2394 2177 2435 C)
2204 2399 2236 2424 et

401 2455 550 2493 putidum
577 2454 663 2484 dixit
689 2455 765 2492 quia
791 2454 949 2492 superflua
974 2463 1048 2483 caro
1074 2454 1157 2484 solet
1182 2454 1376 2483 incalescens
1401 2462 1530 2491 grauem
1556 2462 1676 2491 genera
1703 2453 1872 2491 (generare
1890 2452 1931 2490 C)
1958 2457 2105 2490 putorem
2129 2460 2157 2494 γ.
2183 2451 2234 2480 Ad

401 2521 431 2540 u.
460 2512 520 2541 24:
548 2510 784 2548 tempestatibus.
811 2510 900 2540 Maro
927 2510 983 2549 (A.
1009 2511 1046 2548 V,
1075 2509 1168 2549 772):
1201 2514 1228 2539 et
1251 2509 1465 2548 tempestatibus
1490 2520 1599 2548 aymam
1627 2508 1755 2538 Caedere
1779 2509 1883 2538 deinde
1914 2509 1991 2538 iubet
2019 2519 2046 2551 γ.
2079 2507 2161 2538 conf.
2196 2507 2233 2546 C,

401 2568 456 2606 qui
482 2568 598 2597 habet:
626 2566 723 2604 Agna
740 2567 987 2604 tempestitabus
1003 2567 1159 2597 immolari
1185 2570 1233 2596 est
1253 2567 1358 2603 solita,
1385 2567 1439 2595 sed
1458 2576 1520 2596 non
1539 2575 1640 2603 caper⁷
1668 2570 1703 2595 ut-
1722 2567 1760 2595 Ec
1775 2570 1858 2604 temp.
1887 2571 1946 2596 etc.
1999 2567 2033 2605 7)
2051 2565 2234 2604 proiectum

403 2625 431 2653 2.
480 2623 516 2662 8)
543 2627 680 2652 extensa
705 2623 733 2652 A
759 2633 777 2652 a
806 2625 818 2652 l
848 2633 889 2653 m.
917 2633 994 2655 corr.
1023 2628 1106 2653 exta.
1132 2627 1168 2653 ut
1204 2641 1224 2644 —
1260 2632 1355 2652 axem
1380 2633 1441 2653 om.
1469 2623 1497 2652 A
1525 2624 1553 2652 2.
1622 2623 1677 2661 10)
1704 2624 1738 2652 In
1770 2624 2012 2653 similitudinem
2035 2622 2082 2652 fh.
2110 2639 2152 2643 —-
2176 2631 2234 2660 pu-

402 2680 460 2710 diti
482 2680 522 2710 A.
549 2681 714 2718 inpudicus
741 2681 770 2709 2.
798 2681 867 2710 rell.
895 2681 1056 2718 impudici.

514 2736 666 2766 PORPH.
720 2736 775 2775 14)
802 2737 890 2766 Haec
915 2738 976 2766 oda
1001 2741 1087 2767 caret
1112 2740 1312 2775 argumento.
1341 2736 1433 2771 Quod
1460 2737 1542 2765 unde
1568 2738 1740 2774 petendum
1767 2738 1821 2775 sit,
1848 2740 2024 2777 quaeritur.
2050 2738 2134 2769 conf.
2159 2738 2233 2769 Aer.

402 2810 443 2814 —-
469 2793 553 2830 z'npo.
581 2793 620 2823 G.
649 2794 717 2822 rell.
744 2793 836 2831 inzpo.
905 2794 958 2831 15)
986 2804 1056 2823 cum
1083 2794 1196 2824 similia
1221 2794 1263 2823 M.
1289 2804 1355 2823 cnm
1380 2794 1478 2822 simili
1504 2803 1549 2823 rv.
1578 2795 1644 2823 rell.
1670 2794 1836 2832 consimili.
1880 2813 1916 2816 —-
1959 2796 2078 2825 notauit
2109 2797 2137 2824 2.
2165 2796 2232 2824 rell.

402 2850 557 2879 nominat.
583 2849 714 2878 nominat
738 2850 812 2878 add.
833 2860 851 2879 a
875 2859 915 2878 m.
943 2851 1110 2880 recentiss.
1131 2850 1211 2879 inM
1235 2854 1319 2879 teste
1339 2850 1365 2885 Q
1390 2860 1420 2887 p.
1441 2849 1587 2879 XXXIII.
1614 2851 1744 2879 nauium
1761 2851 1794 2879 M
1812 2861 1897 2881 more
1922 2861 1987 2881 suo.
2041 2853 2096 2891 17)
2121 2861 2234 2895 μιοτης

402 2905 435 2934 Μ
463 2906 616 2944 (Halm)
643 2903 769 2948 λιτότης
794 2906 822 2935 Λ
848 2904 970 2945 (GQQ.
998 2907 1029 2936 in
1056 2907 1082 2936 R
1107 2907 1232 2936 lacuna.
1259 2903 1386 2948 λῃτοτις
1414 2908 1442 2935 2.
1470 2903 1629 2947 λυπτοτης
1657 2917 1702 2935 rv.
1729 2903 1884 2949 λεπτότης
1908 2908 1975 2940 afh.
2024 2909 2081 2946 22)
2106 2908 2233 2937 inuerso

401 2961 465 2990 ΜΟ
486 2962 600 3000 (corr.)
619 2972 654 2992 rv
682 2963 712 2991 in
740 2963 823 2998 lem.‚
850 2972 952 2991 euerso
977 2963 1008 2992 in
1032 2963 1151 2993 scholio.
1177 2973 1286 2993 euerso
1312 2964 1359 2993 bis
1385 2963 1420 2991 R.
1445 2963 1569 2992 imici-so
1595 2964 1644 2992 bis
1671 2963 1771 3001 2‚af11‚
1798 2969 1832 2993 ut
1859 2973 1940 2993 omn.
1967 2964 2032 2994 fere
2057 2965 2148 2994 codd.
2166 2965 2231 2995 Ho-

402 3019 489 3047 ratii.
517 3018 655 3047 rudentis
680 3019 723 3055 M,
751 3024 783 3048 ut
810 3019 839 3048 K
866 3019 938 3049 Par.
964 3019 1004 3048 A.
1031 3020 1067 3049 In
1094 3020 1120 3048 E
1148 3020 1243 3049 Bern.
1271 3019 1295 3048 C
1326 3023 1358 3048 ct
1381 3019 1491 3048 Ambr.
1522 3022 1531 3048 l
1562 3029 1602 3048 m.
1628 3019 1640 3048 ί
1662 3024 1741 3048 mut.
1768 3021 1797 3048 in
1823 3030 1846 3049 e.
1873 3021 1950 3049 Post
1973 3020 2046 3059 quid
2068 3025 2110 3050 est
2133 3021 2231 3050 inter-

400 3074 578 3111 rogationis
605 3075 732 3111 signum
759 3077 862 3112 posui,
890 3085 950 3113 quo
976 3076 1062 3105 clara
1089 3077 1195 3105 onmia
1221 3075 1307 3105 facta
1332 3075 1490 3104 uidentur.
1517 3075 1621 3105 Verbo
1648 3076 1795 3105 sollemni
1820 3080 1951 3106 euertere
1977 3076 2111 3115 (aequor
2133 3076 2230 3115 Vei-g.

399 3130 437 3160 A.
463 3130 489 3167 1,
517 3131 570 3159 43.
596 3140 693 3168 aquas
721 3131 817 3162 Ouid.
844 3132 883 3161 H.
909 3132 979 3170 VIIy
1007 3133 1047 3161 42
1074 3133 1207 3171 l'orph.)
1233 3142 1309 3162 usus
1335 3135 1384 3161 est
1411 3141 1465 3169 pro
1491 3132 1645 3162 uiuidiori
1671 3136 1783 3170 poetae
1811 3133 1971 3162 dictione:
2009 3133 2128 3162 inuerso
2151 3132 2232 3163 mari

400 3186 531 3225 (terram
555 3186 710 3216 inuertere
743 3193 860 3218 aratro.
887 3189 968 3217 conf.
1001 3188 1097 3226 Verg.
1133 3189 1170 3219 G.
1205 3189 1229 3226 I,
1265 3189 1317 3218 65.
1352 3197 1479 3218 vomere
1505 3192 1604 3218 terras
1632 3188 1670 3217 G.
1704 3188 1760 3226 111,
1794 3189 1886 3227 ⁴326).
1918 3199 1951 3231 7:
1983 3189 2113 3219 inuerso.
2147 3199 2229 3219 com-

401 3248 534 3281 mutato,
561 3247 726 3280 commoto,
751 3246 887 3273 turbato.
907 3245 988 3274 conf.
1007 3244 1049 3274 C:
1076 3246 1261 3282 perturbato
1278 3249 1309 3274 ot
1327 3249 1481 3275 commoto
1499 3250 1768 3284 commutatoquc.
1787 3244 1855 3288 Βφι
1882 3246 2052 3276 contrariis
2069 3246 2228 3276 fluctibus.
