2283 3535
865 207 911 237 IN
938 208 1071 240 Eron.
1099 210 1140 240 v.
1842 207 1921 245 467

211 341 366 368 arcana
399 343 428 368 c.
459 329 488 381 f.
521 343 550 368 s.
611 328 660 368 Id
691 335 764 377 est,
797 329 895 369 dum
928 339 1087 370 secreta
1119 339 1155 371 et
1189 342 1392 374 nocturna
1424 350 1542 376 sacra
1574 336 1849 378 celebrantur.

210 401 274 440 53.
307 401 345 439 in
377 400 473 440 host.
507 401 542 439 d.
604 399 708 440 Vari
741 401 970 450 cuiusdam,
1003 403 1226 444 aduersum
1249 419 1371 458 quem
1394 422 1534 447 amore
1557 409 1645 449 eius
1667 409 1924 451 inflannnata

98 471 370 513 sacrificabat.

208 547 272 586 55.
304 546 586 599 formidolosae
610 547 646 586 cl.
670 547 693 586 l.
717 562 746 586 s.
767 548 796 599 f.
857 545 915 587 Ut
947 555 1067 594 nocte
1097 558 1333 599 uexaretnr,
1367 566 1473 605 quae
1505 552 1629 592 etiam
1662 554 1760 595 feris
1791 556 1921 609 quieti

95 626 167 667 est,
200 626 242 658 nt
274 616 347 672 (A.
365 617 441 666 IV,
460 618 691 672 525--28):
730 619 827 659 Cum
860 628 959 660 lace!
990 623 1114 661 omnis
1145 637 1252 675 ssyer,
1279 624 1453 678 pecudes
1479 625 1687 679 pictaeque
1717 628 1918 677 uolucres,

99 692 287 746 Quaeque
319 692 432 731 lacus
462 691 539 731 late
571 691 742 745 liquidos
772 705 946 746 quaeque
977 708 1120 748 aspera
1153 696 1281 736 ‹lwm's
1306 696 1419 737 Rura
1443 706 1583 746 tenent,
1616 713 1752 739 somno
1763 703 1919 753 positae

93 764 165 805 sub
196 772 307 805 nocto
339 764 481 804 silenti.

204 838 269 877 57.
302 851 428 877 senem
462 851 494 891 q.
527 852 559 877 o.
620 835 768 890 Usque
800 836 842 877 in
874 847 1084 879 senectam
1116 847 1224 879 amet
1256 848 1293 880 et
1327 841 1429 882 risui
1461 842 1523 883 sit.

203 912 267 950 58.
301 910 448 950 latren!
478 926 507 949 s.
542 925 572 949 c.
652 909 710 950 Ut
743 924 817 964 per
847 911 1001 952 amoris
1032 911 1325 966 inpatientiam
1370 922 1490 956 nocte
1527 915 1748 957 ambulans
1779 932 1804 957 a
1835 932 1916 957 ca-

90 981 212 1022 nibus
244 981 495 1022 suburbanis
526 982 709 1022 latretur.

203 1056 267 1095 55³.
298 1056 428 1095 nardo
467 1080 519 1083 —
559 1070 712 1096 monus.
788 1055 847 1096 Ut
879 1055 1075 1110 placendi
1106 1057 1242 1098 studio
1274 1059 1405 1099 nardo
1441 1066 1638 1109 uteretur,
1686 1062 1808 1114 quale
1839 1076 1916 1103 nec

87 1127 179 1182 ipsa
228 1127 381 1168 habere
433 1134 615 1181 poterat,
668 1142 773 1182 quae
823 1129 1104 1183 unguentaria
1153 1136 1253 1170 erat.
1330 1130 1476 1186 [quale.
1549 1132 1788 1187 Antiptosis
1838 1150 1915 1189 pro

88 1200 226 1256 quala]

201 1274 264 1313 61.
297 1273 393 1328 quid
428 1287 509 1313 oco.
570 1272 765 1322 Miratur,
812 1288 885 1314 cur
929 1274 972 1313 in
1019 1275 1224 1328 capiendo
1255 1275 1371 1317 Varo
1418 1291 1564 1330 preces
1610 1292 1708 1318 suae
1754 1279 1914 1320 tardius

88 1345 324 1395 audiantur,
363 1352 401 1386 et
433 1353 503 1385 aut
533 1360 575 1386 se
598 1345 795 1385 Medeam
827 1347 946 1400 ponit
975 1361 1051 1400 pro
1073 1348 1328 1400 perfectione
1351 1349 1464 1396 artis,
1497 1358 1567 1390 aut
1588 1349 1785 1391 Medeam
1818 1351 1912 1392 ideo

91 1418 289 1467 nominat,
324 1418 422 1471 quia
454 1418 572 1472 qnasi
603 1417 805 1458 inuenerit
837 1425 876 1458 et
906 1419 1094 1459 docuerit
1127 1435 1303 1461 sacrum.

199 1492 263 1531 63.
295 1492 476 1547 superba.
534 1489 724 1545 Potens[‚
758 1498 798 1530 ut
832 1489 906 1543 (A.
929 1491 962 1541 Ι,
987 1492 1081 1547 21);
1119 1494 1222 1535 Hinc
1248 1495 1447 1550 populum
1478 1494 1554 1535 lale
1585 1510 1716 1549 reqem
1739 1496 1915 1552 belloque

83 1563 332 1620 superbum]

194 1638 293 1677 ulla.
355 1635 560 1677 Dolorem
593 1643 723 1676 morte
757 1633 953 1678 Glauces.

1969 640 1986 669 5

1944 1001 1983 1032 10

1942 1363 1980 1393 15

195 1710 259 1750 65.
293 1724 381 1750 eum
408 1710 524 1765 polla
558 1717 581 1749 t.
657 1707 746 1748 Alii
783 1709 1088 1760 uestimentum,
1134 1711 1205 1751 alii
1244 1726 1442 1753 coronam
1479 1712 1662 1753 oblatam
1702 1728 1726 1753 a
1756 1713 1912 1756 Medea
1939 1726 1979 1757 20

81 1783 224 1824 uolunt
256 1783 452 1824 infectam
483 1782 669 1831 uenenis,
703 1798 784 1836 qua
816 1791 980 1837 sumpta
1004 1783 1256 1840 [accipiens]
1282 1785 1435 1838 periret
1457 1785 1666 1827 incendio.
1729 1786 1911 1842 [‘·Jason

80 1856 188 1897 filius
219 1856 401 1897 Aesonis
432 1857 642 1911 profectus
674 1854 856 1896 Colchos
889 1870 979 1896 eum
1014 1856 1267 1910 quibusdum
1291 1857 1554 1899 Graecorum
1583 1859 1822 1901 fortissimis
1857 1862 1911 1902 ad

80 1929 329 1983 rapiendum
361 1929 492 1970 uellus
522 1943 707 1977 aureum,
756 1928 866 1982 quod
897 1928 1081 1969 Phrixus
1112 1929 1241 1969 Marti
1279 1939 1530 1980 sacrauerat,
1577 1947 1600 1971 a
1631 1931 1787 1973 Medea
1819 1949 1910 1974 ma-

80 2002 200 2057 gicae
232 2003 333 2043 artis
364 2002 617 2057 peritissima
649 2008 810 2042 amatus
842 2008 913 2041 est.
975 2000 1106 2042 Cuius
1137 2002 1292 2043 auxilio
1323 2002 1470 2052 Jason,
1518 2004 1725 2058 promissa
1756 2006 1910 2048 amoris

80 2075 143 2116 sui
174 2075 462 2129 perpetuitate,
495 2074 751 2123 Draconem,
785 2074 855 2128 qui
886 2074 999 2115 iussu
1020 2074 1171 2116 Martis
1193 2076 1399 2117 seruando
1430 2076 1578 2117 uelleri
1609 2092 1734 2119 aureo
1772 2086 1910 2121 custos
1936 2091 1976 2121 25

79 2148 213 2188 fuerat
245 2148 405 2197 affixus,
439 2147 609 2189 occidit:
647 2155 684 2187 et
716 2147 925 2201 proscisso
963 2162 1079 2202 agro,
1126 2148 1287 2189 duobus
1326 2148 1465 2203 ignem
1504 2150 1740 2192 efflantibus
1778 2152 1909 2194 tauris

79 2220 305 2269 indomitis,
353 2228 389 2260 et
423 2220 636 2261 seminatis
667 2219 770 2260 inibi
809 2219 1003 2260 dentibus
1034 2219 1258 2269 Draconis,
1304 2221 1391 2261 nati
1434 2229 1528 2262 sunt
1567 2220 1788 2278 Gigantes,
1838 2225 1907 2279 qui

78 2293 262 2347 primum
292 2293 495 2347 impetum
525 2294 712 2333 fecerunt
742 2292 785 2332 in
815 2292 1031 2342 Jasonem,
1078 2293 1149 2334 sed
1182 2294 1348 2334 tandein
1388 2309 1430 2335 se
1468 2295 1622 2336 mutuis
1661 2296 1907 2339 uulneribus

79 2365 332 2412 occiderunt,
365 2373 509 2420 postca
541 2376 678 2406 autem
708 2365 862 2406 uellere
894 2373 1080 2421 accepto,
1127 2374 1164 2407 et
1207 2374 1346 2420 spreta
1384 2367 1542 2408 laboris
1580 2368 1643 2408 sui
1686 2369 1906 2420 adiutrice,

80 2436 272 2479 Glaucen
304 2437 498 2479 Creontis
528 2438 656 2478 filiam
688 2438 768 2479 sibi
799 2439 917 2479 duxit
947 2455 1131 2480 uxorem.
1193 2440 1316 2481 Unde
1346 2439 1500 2481 Medea
1537 2441 1679 2482 dolore
1712 2450 1903 2483 contacta
1928 2454 1970 2484 30

78 2511 267 2565 geminos
299 2511 361 2552 sui
393 2512 589 2552 amatoris
619 2512 739 2561 filios,
772 2527 874 2565 quos
905 2527 955 2553 ex
978 2510 1140 2553 Glauce
1172 2522 1387 2568 genuerat,
1420 2513 1587 2563 occidit,
1620 2522 1657 2554 et
1680 2515 1723 2554 in
1745 2514 1905 2556 Phasin

76 2584 248 2624 fluuium
279 2592 463 2625 mortuos
494 2584 646 2634 mersit,
678 2584 795 2638 prius
824 2599 986 2626 ueneno
1018 2592 1165 2626 necata
1186 2586 1355 2640 pelliee;
1388 2601 1487 2626 nam
1508 2594 1622 2627 ueste
1644 2601 1806 2628 ueneno
1829 2588 1902 2628 de-

77 2656 208 2697 libuta
240 2654 431 2698 Glaucen
462 2656 599 2711 ipsum
630 2658 786 2697 fecerat
815 2657 946 2707 indui,
980 2658 1096 2699 cuius
1127 2658 1323 2700 incendio
1355 2659 1532 2713 turpiter
1562 2659 1750 2716 periiff’]

190 2844 224 2882 4)
259 2843 302 2872 Ut
334 2844 382 2872 uel
412 2848 504 2872 noete
535 2848 669 2873 uexetur
695 2843 731 2879 Q.
775 2862 807 2865 ν-
849 2845 954 2882 quieta
980 2845 1037 2874 RQ.
1064 2844 1141 2875 Cum
1184 2863 1223 2866 *-
1266 2847 1403 2884 liquidos
1435 2856 1493 2875 0111.
1520 2846 1583 2875 ΑΞ.
1649 2846 1683 2885 6)
1710 2847 1797 2877 Silua
1832 2853 1907 2878 tenet

77 2898 167 2935 A·2‚r.
194 2900 263 2928 rell.
290 2899 375 2928 Rura
402 2904 512 2928 tenent
538 2899 680 2938 (Verg.)
708 2910 815 2929 somno
845 2918 884 2920 -—
917 2902 1026 2930 silenti
1054 2912 1112 2930 om.
1139 2911 1240 2930 vrnea.
1303 2901 1337 2941 9)
1363 2904 1510 2932 amatoris
1540 2905 1566 2932 1.
1593 2920 1635 2923 ᾖ
1659 2908 1753 2932 noete
1780 2913 1841 2933 om.
1868 2905 1903 2933 R.

81 2956 134 2993 11)
161 2960 196 2984 ut
222 2972 259 2975 ——
288 2960 431 2985 uteretur
457 2965 516 2984 0111.
545 2957 573 2984 2.
600 2974 638 2976 w
666 2956 699 2984 z'd
722 2961 763 2985 est
787 2958 880 2994 quale
906 2958 933 2985 2.
1001 2958 1055 2995 12)
1085 2958 1202 2994 poterit
1230 2959 1257 2986 2.
1288 2976 1322 2978 —
1352 2960 1444 2996 quale
1473 2975 1509 2978 —--
1539 2960 1626 2996 quali
1658 2969 1718 2989 om.
1750 2959 1813 2989 A2.
1848 2970 1904 2989 an-

78 3012 206 3048 tiptosis
240 3022 299 3041 om.
334 3022 358 3040 r.
410 3012 464 3050 14)
500 3017 560 3041 art.
592 3012 672 3049 perf.
701 3013 729 3042 -2,
782 3013 836 3051 16)
864 3014 1007 3043 nominat
1036 3013 1152 3050 ARQJ.
1180 3015 1248 3043 rell.
1275 3014 1458 3046 nominauit.
1488 3031 1521 3035 —
1553 3019 1702 3053 {uniquam
1725 3025 1801 3054 quae
1825 3015 1903 3053 A,fh

78 3065 270 3105 (tanquam).
296 3068 366 3097 rell.
393 3068 463 3106 quia
487 3069 582 3107 quasi.
634 3069 688 3107 17)
716 3068 788 3098 Loe.
815 3069 909 3108 Verg.
937 3080 996 3099 0111.
1023 3070 1085 3100 ΑΞ.
1135 3071 1192 3109 21)
1219 3072 1368 3100 uolunta
1385 3071 1467 3100 med.
1494 3071 1551 3100 inf.
1570 3071 1662 3108 A2,r.
1689 3072 1861 3101 confectam
1879 3083 1902 3101 r.

79 3138 119 3142 -—
146 3123 308 3159 accipiens
339 3124 386 3153 fh.
413 3134 492 3162 quae
523 3128 651 3163 sumpta
684 3126 823 3162 perirent
852 3127 912 3155 ine.
939 3125 971 3155 C.
998 3126 1103 3155 Verba
1131 3127 1218 3155 Iason
1243 3144 1284 3147 ——
1306 3126 1398 3164 periit
1422 3137 1482 3156 om.
1509 3126 1774 3165 ARI?G,rmvea‚
1800 3137 1902 3166 neque

78 3178 111 3206 in
138 3178 246 3221 Ego-‘QG
273 3180 430 3218 leguntur.
458 3181 624 3211 Fabricius
650 3190 687 3211 ea
718 3182 841 3211 intulit.

1576 3249 1627 3272 30*
