2283 3535
353 97 497 140 XXII

355 243 449 280 pag.

476 236 516 267 59
542 241 653 269 uers.
682 234 721 265 14
747 234 807 275 lege
831 234 949 264 uirtuti
967 242 1030 273 pro
1052 234 1154 264 uirtui
1180 250 1221 254 —-

474 311 516 314 -—
598 310 610 314 -
682 290 724 320 22
772 310 785 315 -
832 291 953 320 rabiem
972 299 1033 329 pro
1061 291 1176 320 ratiem

476 350 516 379 60
600 367 613 370 -
707 348 725 376 6
775 366 788 370 -
836 347 989 377 fluminea
1007 356 1069 386 pro
1088 347 1237 376 flaminea

475 406 515 434 61
601 422 613 426 -
706 404 727 432 4
776 423 788 427 -
835 404 986 433 tollemus
1012 403 1053 433 ad
1078 401 1193 441 astra]

476 480 517 482 -—
600 480 613 484 -
686 460 726 490 12
776 479 788 483 -
836 464 943 490 aestas
962 468 1024 498 pro
1048 463 1155 489 oestas

474 536 515 539 -2—
600 536 612 540 -
687 517 725 546 16
775 535 786 539 -
837 515 1052 546 Cassandram
1073 524 1132 553 pro
1157 513 1239 544 Cas-

835 572 982 602 sandi-em

479 631 519 659 62
604 649 617 653 -
712 630 730 658 7
780 647 792 651 -
840 632 915 658 tuae
933 637 995 666 pro
1019 630 1086 656 tua.

475 704 518 708 —-
601 705 613 709 -
707 686 725 714 8
774 703 788 707 -
835 688 961 714 ueteres
984 692 1043 722 pro
1066 684 1187 712 niteres

483 761 518 763 π
601 760 614 764 -
688 742 726 771 10
775 758 789 763 -
839 740 885 780 [O
910 745 1012 770 matre
1037 740 1171 778 pulchra
1197 757 1237 761 -ν

833 797 902 826 siue
931 797 1008 826 mari
1027 796 1104 825 libet
1121 795 1240 826 Hadri-

828 852 906 892 ano]
928 862 989 891 pro
1013 852 1193 883 Hadriano.

477 911 519 939 64
601 928 613 932 -
646 894 653 900 ‘
707 910 725 939 6
774 928 787 932 -
833 909 931 948 verg.
958 907 1013 947 (G.
1030 909 1055 946 1⁷
1076 909 1156 947 330)
1180 918 1242 947 pro

832 965 931 1004 Verg.
972 964 1010 1003 (Ἰ,
1040 963 1132 1004 330).
1179 965 1242 994 Ρο1·

832 1025 946 1061 gentes
975 1039 1011 1043 -—
1038 1021 1218 1060 Pergentes

480 1079 520 1109 65
605 1098 617 1102 -
691 1078 732 1107 14
780 1097 793 1101 -
841 1077 991 1108 Scholion
1024 1078 1154 1116 longius
1192 1080 1241 1107 est

495 1136 570 1166 hoc:
607 1135 799 1174 ‘Epitheton
830 1138 879 1165 est
909 1136 992 1164 sicut
1023 1135 1057 1163 in
1086 1134 1166 1164 Arte
1192 1143 1241 1172 po.

496 1192 535 1222 de
561 1193 641 1231 pede
658 1193 764 1222 iambo
790 1191 836 1230 (u.
855 1191 955 1230 252):
981 1190 1043 1220 Pes
1061 1191 1146 1220 citus
1159 1191 1242 1220 unde

497 1249 593 1278 etiam
616 1249 773 1280 trimetris
799 1256 978 1278 accrescere
1003 1248 1102 1277 iussit
1119 1246 1243 1276 Nomen

495 1305 656 1335 iambeis.'

940 108 1176 140 ADDENDA
1200 107 1261 139 ET
1286 106 1604 141 CORRIGENDA.

1442 242 1560 272 ponere
1591 242 1647 271 per
1677 234 1802 264 codices
1831 243 1896 265 non
1926 235 2041 273 liceat,
2078 239 2183 267 totum

1443 290 1588 320 scholion
1613 291 1658 320 sie
1682 291 1915 321 emendandum
1934 294 1966 321 et
1982 292 2185 323 scribendum

1443 346 1590 375 uidetur:
1623 346 1791 376 ‘Malorum
1831 348 1916 377 enim
1949 347 2097 377 leuamen
2136 353 2186 379 est
2240 359 2241 368 ¹

1445 400 1499 442 (sc.
1525 402 1655 432 testudo
1679 403 1746 432 siue
1771 403 1878 442 lyra);
1904 404 2048 433 citharae
2066 409 2186 435 cantum

1443 458 1504 487 sibi
1545 459 1642 488 etiam
1687 459 1950 498 quandocumque
1985 460 2187 498 profuturum
2242 459 2245 467 ¹

1444 515 1601 552 exoptat.'
1650 514 1813 544 Pluralem
1845 519 1951 545 cantus
1976 524 2017 545 ex
2042 516 2121 547 Hor.
2148 516 2185 547 C.

1443 570 1502 607 ΙΙΙ,
1532 572 1560 607 1,
1581 571 1620 600 20
1652 570 1741 608 (Non
1759 572 1867 601 auium
1884 571 2074 611 citharaeque
2085 577 2188 603 cantus

1445 636 1591 657 somnum
1621 627 1798 667 reducent)
1832 627 1969 657 inlatum
1999 637 2067 658 esse
2091 632 2189 667 patet,

1445 684 1501 713 ubi
1536 687 1646 713 tamen
1676 684 1742 712 alia
1772 684 1855 713 ratio
1888 687 1945 713 est.
2000 684 2050 713 De
2081 686 2189 715 auium

1444 743 1501 770 aut
1539 740 1745 770 concentibus
1775 743 1832 769 aut
1861 740 1961 769 uariis
1990 741 2190 779 singularum

1445 796 1551 826 modis
1591 799 1623 825 et
1653 795 1820 834 Vergilius
1858 796 1919 825 hoc
1951 805 2082 827 numero
2114 807 2189 828 usus

1447 856 1504 888 est,
1523 856 1559 882 ut
1576 852 1614 881 A.
1632 851 1718 889 VIII,
1745 852 1830 882 456:
1855 854 2010 883 matutini
2023 854 2190 884 uolucrum

1447 909 1505 938 sub
1537 908 1676 938 culmine
1700 912 1816 946 canta-³,
1842 912 1873 938 et
1890 909 1928 938 A.
1945 909 1970 946 1,
1990 910 2071 939 398:
2103 909 2191 949 (cyc-

1447 965 1521 1004 nos)
1549 982 1586 985 —-
1614 983 1658 986 -—
1683 965 1799 995 dedere
1824 969 1939 1003 cantas,
1977 966 2053 995 dum
2079 966 2191 1004 singu-

1447 1021 1525 1051 laris
1553 1020 1647 1060 (Hor.
1673 1019 1705 1051 S.
1730 1021 1756 1058 Ι,
1786 1023 1813 1059 1,
1843 1023 1899 1052 1οε
1927 1022 1986 1051 sub
2011 1022 2091 1060 galli
2116 1031 2190 1052 can-

1447 1076 1534 1117 tum),
1571 1078 1778 1116 potissimum
1815 1078 1853 1107 de
1890 1079 2006 1108 auibus
2043 1079 2190 1118 singulis,

1448 1135 1487 1164 de
1511 1133 1652 1172 singulis
1676 1134 1807 1164 musicis
1832 1135 2060 1165 instrumentis
2080 1135 2190 1175 (Verg.

1448 1190 1488 1220 A.
1525 1190 1580 1227 IX,
1614 1191 1696 1220 618:
1733 1190 1868 1221 biforem
1908 1191 1964 1221 dat
2004 1192 2085 1221 tibia
2119 1201 2193 1222 can-

1448 1247 1522 1285 tum)
1554 1250 1609 1276 aut
1635 1247 1816 1285 generatim
1841 1250 1936 1286 atque
1960 1248 2111 1278 uniuerse
2136 1249 2193 1278 ad-

1448 1303 1631 1333 hibebatur.
1661 1302 1849 1333 Alteroutro
1889 1304 2022 1342 quidem
2061 1314 2192 1336 numero

481 1362 521 1391 69
548 1367 660 1395 llers.
712 1361 729 1391 5
780 1381 792 1384 -
842 1371 857 1391 e
882 1361 947 1390 leui
965 1369 1028 1398 pro
1054 1359 1138 1389 eleui
1448 1364 1562 1399 poetae
1584 1360 1774 1398 promiscue,
1800 1369 1856 1398 pro
1880 1362 2060 1391 sententiae
2078 1365 2194 1391 natura

482 1418 522 1447 74
605 1436 618 1440 -
692 1419 731 1448 10
781 1436 794 1441 -
842 1415 903 1454 IV,
923 1418 952 1453 5,
971 1417 988 1445 6
1010 1425 1074 1454 pro
1098 1415 1154 1453 IV,
1173 1416 1204 1453 5,
1224 1416 1241 1445 5
1449 1421 1481 1446 et
1505 1417 1644 1453 ratione,
1670 1420 1817 1453 utuntur,
1843 1420 1881 1446 ut
1905 1417 2003 1456 Verg.
2028 1417 2100 1456 VII,
2128 1419 2191 1448 641

479 1491 522 1494 ν-
605 1493 618 1497 -
691 1475 730 1504 15
779 1493 792 1497 -
841 1472 1025 1503 Centauros
1060 1481 1121 1511 pro
1161 1471 1243 1501 Cen—
1449 1477 1481 1504 et
1504 1472 1544 1510 X,
1573 1473 1635 1503 163
1662 1473 1701 1502 de
1725 1472 1845 1503 Musis:
1883 1477 2045 1514 cantusque
2072 1478 2193 1505 maaete.

836 1530 939 1560 tauris
1449 1530 1489 1560 A.
1507 1529 1577 1567 VII,
1598 1531 1678 1561 754:
1698 1533 1849 1568 cantuque
1866 1539 2024 1569 manuque
2045 1540 2194 1570 spargere

482 1587 522 1616 75
606 1606 619 1610 -
715 1588 729 1617 1
781 1606 794 1609 -
842 1585 987 1615 Sithonio
1006 1595 1067 1624 pro
1085 1585 1244 1616 Sithoniis
1451 1596 1591 1618 somnos.
1610 1585 1694 1616 conf.
1714 1585 1810 1616 Ouid.
1836 1585 1872 1616 F.
1891 1586 1931 1624 II,
1952 1588 2015 1617 767
2041 1591 2113 1626 etc„
2138 1589 2195 1618 sed

479 1661 522 1664 —
605 1661 617 1666 -
711 1643 730 1672 3
780 1661 792 1665 -
839 1642 990 1681 Inguinis
1008 1651 1071 1681 pro
1095 1643 1244 1681 Inquinis
1450 1644 1484 1674 in
1508 1644 1651 1682 pedestri
1677 1643 1836 1681 oratione,
1872 1644 1985 1682 paucis
2022 1644 2101 1674 locis
2138 1654 2194 1675 ex-

483 1700 524 1729 77
608 1717 620 1722 -
691 1699 732 1728 38
782 1718 794 1722 -
843 1698 958 1729 Libero
976 1708 1039 1737 pro
1064 1698 1194 1729 Liberio
1451 1701 1566 1739 ceptis,
1592 1703 1627 1730 ut
1654 1698 1722 1730 Cic.
1749 1699 1789 1729 N.
1823 1699 1864 1729 D.
1890 1700 1931 1738 Π,
1959 1700 2012 1730 59;
2056 1710 2131 1739 qaae
2155 1701 2198 1731 ad

482 1757 499 1785 7
505 1756 523 1784 8
607 1774 620 1779 -
693 1756 733 1785 13
782 1773 795 1778 —
843 1756 1033 1793 niueamque
1046 1755 1149 1786 Paron
1160 1756 1245 1785 dixit
1450 1766 1558 1787 nemos
1581 1760 1724 1786 resonant
1746 1755 1778 1785 in
1790 1755 1936 1793 cantibus,
1961 1757 2112 1796 inprimis
2129 1759 2194 1796 ubi,

837 1812 933 1850 Verg.
965 1812 1019 1850 (Α.
1046 1812 1102 1849 ΙΙΙ,
1132 1812 1210 1850 126)
1450 1818 1488 1843 111
1502 1818 1611 1844 nostro
1625 1812 1747 1850 loeo‚‹1e
1759 1821 1831 1842 sono
1845 1812 1979 1843 citharae
1992 1814 2110 1854 agitur,
2129 1815 2195 1844 sin-

481 1886 524 1888 —
606 1887 618 1891 -
690 1869 728 1898 31
781 1888 792 1891 -
841 1866 968 1910 θηβαιγ.
989 1877 1051 1907 pro
1075 1865 1199 1910 θυβαιγ.
1451 1870 1572 1908 gularis
1610 1878 1758 1899 numerus
1793 1869 1894 1899 multo
1930 1867 2128 1909 frequentior
2164 1874 2196 1901 et

483 1926 523 1955 79
608 1943 621 1948 -
695 1926 735 1954 14
784 1944 796 1948 -
843 1925 899 1961 IV,
919 1926 950 1962 3,
972 1926 1009 1954 11
1023 1935 1085 1963 pro
1101 1925 1157 1963 IV,
1176 1925 1206 1962 3,
1226 1926 1243 1954 6
1453 1927 1620 1957 sollemnis
1644 1925 1712 1956 fere
1737 1930 1796 1956 est.
1825 1925 1960 1964 Adpono
1977 1935 2075 1956 unum
2091 1926 2196 1957 locum

479 1982 520 2011 81
606 2001 618 2005 -
711 1981 731 2011 2
781 2001 793 2004 -
840 1981 1064 2020 nilemquepro
1080 1982 1176 2011 uilem
1186 1990 1245 2019 que
1451 1983 1533 2012 Plin.
1571 1982 1718 2019 XXXIV,
1759 1983 1793 2012 8:
1849 1982 1989 2013 Scortum
2024 1982 2077 2012 hoc
2113 1983 2197 2022 lyrae

481 2056 523 2059 —-
607 2056 619 2060 -
691 2038 733 2066 44
783 2056 795 2060 -
844 2038 982 2067 orationi
1010 2047 1070 2076 pro
1099 2039 1246 2068 oratione
1451 2043 1541 2068 cantu
1553 2038 1719 2078 familiare
1743 2039 1912 2069 Harmodio
1936 2056 1979 2060 ——
2004 2038 2130 2069 consilia
2153 2057 2197 2061 ῃ

482 2094 523 2123 85
607 2112 619 2116 -
714 2094 732 2123 5
782 2111 794 2115 -
841 2094 975 2132 uiuique
994 2103 1056 2132 pro
1080 2094 1212 2132 uinique
1450 2105 1510 2126 ozon
1527 2095 1675 2135 prodidit.

485 2151 526 2180 86
610 2168 623 2172 -
698 2151 735 2180 17
787 2169 798 2173 -
847 2159 861 2180 s
887 2151 937 2180 lit.
958 2159 1019 2189 pro
1045 2151 1061 2180 5
1089 2152 1139 2181 lit.
1315 2159 1408 2196 pag,
1427 2153 1488 2183 124
1513 2158 1624 2186 uers.
1651 2152 1691 2181 21
1718 2152 1779 2192 leye
1805 2151 1891 2190 (ubi-
1901 2149 1932 2190 9)
1967 2162 2100 2192 cumque
2137 2163 2197 2192 pro

488 2223 527 2227 -
613 2226 625 2230 -
696 2208 737 2237 36
787 2226 799 2230 -
848 2216 911 2245 qua
928 2215 990 2244 pro
1015 2216 1097 2245 quae
1793 2217 1926 2246 cumque

485 2264 526 2293 87
609 2280 622 2286 -
693 2264 735 2293 44
785 2282 797 2286 -
844 2272 918 2293 mua
934 2273 998 2302 pro
1022 2274 1091 2294 mva
1352 2286 1364 2290 -
1416 2266 1477 2297 125
1562 2285 1574 2290 -
1647 2267 1686 2295 14
1735 2284 1747 2288 -
1795 2266 1877 2295 mihi
1895 2275 1958 2304 pro
1981 2266 2050 2296 nihi

483 2321 524 2350 89
607 2338 620 2343 -
647 2320 698 2350 25.
715 2320 766 2350 26.
785 2338 797 2343 -
845 2321 965 2358 pinetis
987 2330 1047 2359 pro
1072 2322 1174 2359 pineti
1206 2339 1246 2342 —-
1353 2342 1364 2346 -
1416 2324 1476 2353 126
1561 2342 1573 2346 -
1645 2323 1685 2352 27
1734 2340 1747 2344 -
1795 2322 1905 2352 cellati
1920 2320 1996 2362 (21)
2010 2332 2072 2361 pro
2086 2324 2197 2355 collati

841 2381 873 2407 et
899 2377 1006 2406 escule
1032 2396 1073 2398 —-
1352 2399 1364 2402 -
1416 2380 1477 2409 126
1560 2398 1572 2402 -
1644 2380 1684 2409 39
1734 2397 1747 2401 -
1795 2377 1894 2408 diffie.
1915 2388 1975 2416 pro
1999 2380 2083 2409 dific.

400 2452 412 2457 -
463 2434 526 2462 112
610 2450 621 2456 -
693 2433 733 2463 34
784 2452 795 2455 -
843 2433 917 2463 XVI
938 2443 996 2472 pro
1025 2433 1113 2463 XKL
1353 2456 1365 2460 -
1417 2436 1477 2465 127
1561 2455 1573 2458 -
1645 2437 1685 2466 33
1735 2455 1747 2458 -
1795 2432 1928 2476 ἐλεγεῖον
1948 2445 2010 2474 pro
2035 2433 2168 2479 ἐλεγειον

402 2509 414 2512 -
465 2490 526 2519 116
611 2508 622 2512 -
695 2490 736 2518 38
786 2508 798 2512 -
846 2489 907 2519 Est
952 2499 996 2527 pr.
1039 2491 1161 2520 (lictum
1188 2500 1250 2529 pro
1352 2510 1364 2517 -
1424 2510 1464 2513 „
1560 2511 1572 2515 -
1644 2492 1684 2521 35
1734 2511 1746 2514 -
1793 2492 1824 2521 in
1864 2492 1934 2521 edd.
1972 2492 2035 2522 litt.
2073 2495 2198 2532 graecis

844 2546 888 2575 Et
913 2556 959 2584 pr.
987 2547 1107 2577 dictum
1791 2557 1851 2587 pro
1875 2549 1908 2577 in
1934 2548 2000 2578 litt.
2025 2559 2073 2588 gr.

400 2621 412 2625 -
464 2602 526 2631 120
612 2620 624 2624 -
699 2603 739 2631 12
788 2621 799 2624 -
848 2602 933 2632 Liris
952 2614 1014 2641 pro
1039 2603 1132 2643 Lyris
1355 2623 1366 2627 -
1427 2624 1467 2626 u—
1561 2624 1573 2628 -
1645 2606 1686 2634 36
1736 2624 1747 2627 -
1796 2605 1923 2634 reddita
1940 2614 2002 2643 pro
2026 2606 2131 2636 redita

399 2677 412 2680 -
463 2659 524 2687 123
608 2677 620 2681 -
693 2659 733 2688 29
784 2677 795 2681 -
820 2658 992 2700 AbeIIIP
1003 2670 1064 2698 pro
1082 2660 1248 2702 AbeRIP
1355 2682 1366 2686 -
1418 2663 1480 2692 128
1564 2682 1576 2686 -
1647 2662 1688 2691 39
1738 2681 1750 2684 -
1798 2662 2082 2699 philosophantem
2137 2672 2200 2702 pro

400 2732 412 2737 -
463 2715 525 2744 124
608 2733 620 2737 -
695 2716 733 2744 19
783 2734 795 2738 -
844 2720 905 2744 est
949 2717 1092 2746 citharae
1136 2721 1218 2747 cant.
1793 2718 2079 2756 philosophuntem

836 2781 898 2810 pro
923 2776 955 2802 et
980 2773 1054 2802 eith.
1082 2777 1165 2804 cant.
1354 2794 1366 2798 -
1427 2792 1467 2795 m
1563 2793 1575 2798 -
1644 2792 1688 2797 >—-
1737 2794 1749 2798 -
1797 2774 1915 2804 Parcus
1941 2775 2072 2805 deorum
2096 2774 2199 2806 cultor

367 2833 406 2870 p.
436 2828 508 2857 124.
535 2834 574 2861 u.
604 2828 653 2858 19.
679 2828 720 2857 ad
739 2826 774 2857 C.
793 2827 820 2865 I,
847 2829 900 2865 32,
930 2830 977 2859 15.
1007 2829 1131 2868 Operae
1155 2831 1249 2870 culpa
1354 2851 1366 2855 -
1418 2832 1478 2862 128
1561 2851 1573 2854 -
1643 2832 1686 2862 40
1734 2849 1746 2853 -
1795 2830 2026 2870 sedhacApro
2039 2831 2199 2862 seohacA

504 2885 598 2915 etiam
631 2885 690 2914 hoc
720 2884 801 2922 loco,
832 2888 868 2915 ut
900 2895 995 2924 supra
1025 2896 1054 2924 p.
1093 2887 1155 2923 48,
1194 2888 1247 2925 24,
1353 2907 1364 2911 -
1417 2888 1476 2918 131
1561 2907 1573 2911 -
1646 2889 1686 2918 23
1736 2907 1748 2911 -
1796 2889 1957 2919 laconicae
1981 2898 2043 2927 pro
2073 2889 2119 2918 la-

503 2942 645 2979 positum
670 2946 718 2972 est
737 2942 871 2973 leuamen
894 2946 928 2972 et
951 2942 1088 2973 citharae
1114 2947 1174 2974 etc.
1192 2954 1249 2983 pro
1814 2948 1963 2976 crontcae

503 2997 636 3028 leuamen
666 3003 721 3029 est
744 2998 890 3036 citharae,
925 3000 1008 3038 quod
1033 3009 1143 3031 omnes
1174 3002 1248 3032 libri
1353 3021 1365 3025 -
1425 3019 1468 3022 —-
1561 3020 1573 3024 -
1646 3001 1687 3031 27
1737 3021 1749 3025 -
1798 3001 1866 3031 siue
1885 3010 1946 3040 pro
1975 3002 2041 3032 siae

504 3057 646 3085 tuentur.
695 3055 796 3086 Locus
821 3060 931 3086 tamen
956 3057 1041 3087 haud
1067 3058 1113 3087 ita
1142 3057 1248 3088 facilis
1353 3077 1365 3082 -
1416 3058 1477 3088 132
1559 3076 1572 3080 -
1644 3059 1685 3088 28
1733 3077 1746 3081 -
1793 3058 1879 3096 apud
1895 3057 2032 3089 Antium
2042 3066 2103 3098 pro
2117 3059 2199 3098 apad

506 3110 646 3141 nondum
679 3120 777 3141 sanus
810 3116 866 3142 est.
923 3111 1004 3143 Cum
1035 3117 1063 3142 et
1091 3117 1168 3144 ante
1192 3114 1250 3144 sibi
1794 3114 1928 3145 Antiam
