2283 3535
651 198 882 230 ADDENDA
908 199 967 230 ET
993 197 1311 231 CORRIGENDA.
1826 186 1889 226 III

71 333 163 360 meo
184 318 236 360 de
257 321 387 361 codice
411 320 632 375 Hispaniae
664 321 937 375 antiquissimo
963 322 1124 362 Horatii
1153 321 1205 376 (el
1228 321 1415 375 Acrom's)
1438 319 1767 369 Bareellonensi,
1799 334 1891 361 cum

70 391 244 432 Rittero.
307 392 390 433 Sed
414 407 497 433 non
518 407 686 447 possum
718 392 941 440 abstinere,
975 394 1074 447 quin
1106 394 1173 433 hic
1205 393 1355 442 dicam,
1389 393 1431 432 in
1462 393 1554 447 ipsa
1575 393 1795 434 Germania
1826 392 1890 432 in-

71 471 201 505 tactos
232 464 398 505 Horatii
429 465 557 504 latere
594 464 759 505 codices
797 465 982 505 eiusdem
1022 467 1106 506 fere
1145 466 1290 506 aetatis
1330 474 1367 505 et
1407 465 1543 519 pretii,
1590 480 1692 519 quos
1734 465 1893 519 patriae

71 537 152 577 uiri
183 537 292 578 docti
324 537 366 577 in
398 537 667 578 (·onclauibus
699 537 783 577 suis
807 538 1001 591 ignorant
1023 552 1071 578 ac
1092 538 1334 593 neglegunt.
1398 536 1589 589 Quorum
1621 545 1759 578 tamen
1780 537 1893 578 locos

71 609 352 664 lectionesque
375 610 417 649 111
444 610 521 650 hac
546 609 725 650 Acronis
757 618 790 649 ct
814 609 1118 665 Porphyrionis
1150 610 1346 659 editione,
1381 610 1421 649 in
1445 624 1527 663 qua
1548 610 1730 663 primum
1759 610 1894 665 magis

71 681 318 723 necessariis
350 681 547 722 subsidiis
580 681 747 737 Augiae
778 681 986 723 stabulum
1029 683 1127 723 mihi
1171 683 1362 723 breuiore
1404 690 1590 736 tempore
1627 682 1893 737 purgandum

72 763 173 805 erat,
218 755 272 795 ad
302 754 467 809 singula
499 755 685 795 carmina
715 762 752 794 et
785 755 943 795 scholia
974 755 1056 795 iam
1088 770 1196 796 nunc
1229 755 1393 796 adferre
1425 762 1461 795 et
1499 756 1825 810 inopportunum
1857 761 1894 794 et

73 827 217 869 inutile
249 827 362 868 duxi.

183 901 221 940 3.
254 900 606 948 Suecouate'camis,
656 915 777 954 quem
825 901 1045 956 aliquoties
1083 901 1228 950 adtuli,
1275 908 1335 941 est
1380 902 1656 943 Romanorum
1702 903 1896 950 codicum,

73 989 248 1028 quorum
280 974 493 1029 octoginta
523 974 627 1015 duos
666 975 801 1029 magis
840 974 1030 1015 minusue
1069 973 1322 1023 examinaui,
1355 976 1669 1029 (iiztiquissimu.s·.
1708 990 1747 1014 n.
1789 975 1895 1016 1703

72 1061 122 1088 ex
154 1061 260 1088 saec.
291 1047 351 1097 X,
385 1046 605 1096 Carmina,
637 1047 729 1088 Art.
761 1048 969 1102 poetieam
992 1046 1178 1102 Epodos,
1203 1044 1387 1088 Carmen
1419 1046 1644 1096 saeculare,
1680 1046 1897 1101 Epistulas

72 1127 111 1161 et
144 1118 369 1161 Sermones
402 1120 494 1174 (hoe
527 1120 693 1171 ordine)
726 1120 956 1166 continens,
989 1119 1167 1160 Romam
1199 1119 1426 1173 aliquando
1458 1119 1619 1160 delatus
1649 1133 1699 1160 ex
1730 1134 1896 1161 monas-

72 1193 176 1234 terio
230 1193 467 1247 ll‘⁷e'senbm'q.
541 1192 656 1233 Inter
694 1192 875 1234 Codices
913 1191 1152 1233 Suecouatt.
1194 1192 1443 1233 uetustiores
1488 1192 1735 1232 nominandi
1771 1192 1896 1233 etlam

73 1272 167 1306 sunt.
197 1264 383 1306 eiusdem
416 1265 570 1306 saeculi
601 1281 640 1305 n.
676 1266 796 1314 1666,
842 1265 941 1306 item
973 1266 1135 1320 integer
1168 1265 1240 1305 sed
1271 1272 1418 1319 poetae
1451 1279 1579 1318 opera
1609 1265 1789 1306 offerens
1819 1265 1898 1306 hoc

72 1338 238 1380 ordine:
273 1336 488 1383 Carmina,
512 1337 666 1392 Epodi,
701 1337 842 1379 Carm.
875 1338 1102 1387 saeculare,
1135 1337 1219 1378 Ars
1242 1337 1420 1392 poetica,
1453 1336 1692 1386 Sermones,
1724 1337 1898 1391 Epistu-

72 1411 150 1461 lae,
183 1418 220 1452 et
251 1427 289 1451 n.
325 1412 444 1460 1675,
477 1412 519 1451 in
551 1426 632 1465 quo
664 1410 831 1451 Horatii
862 1417 1056 1465 poemata
1087 1410 1232 1451 eodem
1264 1410 1410 1450 ordine
1441 1424 1484 1450 se
1516 1410 1743 1465 excipiunt,
1775 1425 1897 1464 quem

73 1498 123 1525 ex
155 1485 244 1525 cod.
278 1485 385 1525 1703
416 1484 663 1525 notauimus.
740 1483 848 1524 Cum
890 1484 967 1524 1100
1005 1483 1205 1537 temporis
1242 1490 1465 1531 momento,
1506 1497 1587 1536 quo
1624 1483 1699 1524 has
1736 1484 1899 1525 notulas

73 1557 249 1604 celerius
279 1564 509 1598 coarctatas
540 1556 724 1597 scribere
755 1556 936 1597 officium
970 1556 1181 1610 quoddam
1213 1555 1404 1610 impellit,
1448 1556 1661 1597 recordari
1693 1564 1733 1597 et
1762 1556 1899 1597 remi-

72 1629 178 1671 nisci
208 1644 413 1684 nequeam
444 1629 621 1670 aliorum
645 1645 668 1669 11
689 1644 754 1669 1110
776 1630 817 1669 111
840 1630 918 1671 1100
940 1630 1149 1671 volumine
1172 1630 1377 1670 dictorum
1401 1629 1589 1670 codicum
1611 1630 1898 1679 uetustiorum,

73 1703 145 1757 qui
161 1702 321 1744 Romae
353 1711 392 1744 et
422 1717 554 1757 prope
585 1702 764 1743 Romam
796 1703 1079 1752 inueniuntur,
1111 1703 1324 1757 adponere
1355 1703 1494 1758 placet
1516 1717 1599 1752 eos,
1623 1704 1694 1757 qui
1716 1703 1770 1744 ad
1792 1717 1900 1744 saec.

73 1775 144 1816 XI
174 1776 403 1830 pertinent:
453 1776 496 1830 a)
536 1777 617 1816 Vae.
652 1777 775 1825 3257,
813 1776 982 1817 mutilus
1013 1776 1066 1816 ab
1097 1776 1217 1816 initio
1249 1776 1420 1830 (incipit
1453 1791 1547 1817 cum
1580 1774 1628 1816 0.
1660 1775 1694 1826 Ι,
1728 1777 1793 1826 17,
1826 1778 1898 1830 18)

74 1855 198 1903 atque
243 1849 297 1890 ad
336 1849 474 1898 finem,
517 1849 660 1890 exiens
700 1864 793 1890 cum
833 1849 987 1904 Epistt.
1033 1849 1089 1898 II,
1123 1851 1161 1898 2,
1200 1850 1293 1890 106.
1344 1848 1391 1903 b)
1423 1848 1519 1889 Vat.
1554 1850 1673 1890 1587.
1706 1850 1809 1890 ordo
1840 1857 1901 1890 est

74 1922 185 1963 idem
216 1929 339 1977 atque
371 1922 413 1962 in
444 1923 742 1976 praecedente:
778 1921 963 1963 Carmm.
996 1922 1162 1976 Epodd.
1197 1920 1339 1963 Carm.
1373 1936 1478 1963 saec.
1511 1921 1608 1962 Ars.
1630 1937 1696 1976 po.
1719 1920 1898 1962 Sermm.

74 1995 227 2050 Epistt.
281 1997 322 2049 0)
355 1995 451 2037 Vat.
494 1997 622 2037 1657:
669 1995 754 2037 Ars
792 2011 858 2050 po.
897 1995 1065 2050 Epodd.
1109 1994 1249 2036 Carm.
1288 2009 1395 2036 saec.
1434 1994 1586 2049 Epistt.
1627 1993 1805 2035 Sermm.
1851 1995 1898 2049 d)

78 2069 259 2111 Ottobon.
294 2069 402 2109 1660
424 2069 486 2123 (in
509 2068 609 2109 bibl.
632 2069 737 2124 Reg.
763 2070 884 2110 1670.
905 2094 955 2098 —
974 2068 1063 2109 cod.
1085 2067 1179 2109 Nic.
1201 2067 1371 2109 Heinsii
1390 2069 1482 2123 ——):
1522 2066 1708 2108 Carmm.
1731 2067 1898 2122 Epodd.

78 2140 218 2183 Carm.
251 2156 357 2183 saec.
397 2141 482 2183 Ars
520 2157 586 2197 po.
624 2141 778 2197 Epistt.
818 2141 996 2184 Sermm.
1042 2142 1088 2197 d)
1126 2142 1336 2183 Cliisiamcs
1373 2140 1429 2181 H.
1469 2140 1522 2182 V.
1563 2142 1664 2182 165:
1714 2138 1898 2181 Carmm.

75 2214 161 2256 Ars
191 2230 258 2270 po.
289 2214 457 2269 Epodd.
491 2213 632 2256 0111111.
667 2230 772 2256 saec.
807 2214 986 2256 Sei-mm.
1017 2214 1185 2270 Epistt„
1217 2222 1262 2255 ut
1292 2214 1343 2255 de
1374 2215 1611 2269 fragmento
1633 2213 1900 2255 vallicellano

76 2287 263 2329 eiusdem
294 2287 441 2328 aetatis
463 2287 531 2343 (B.
565 2290 630 2330 58.
663 2304 702 2329 11.
738 2289 807 2342 14)
838 2289 907 2329 1110
938 2295 1112 2329 1110011111.
1175 2286 1341 2339 Quibus
1374 2287 1589 2328 codicibus
1620 2294 1660 2327 et
1691 2287 1899 2341 quomodo

76 2362 155 2402 Feci
184 2360 235 2401 iis
265 2376 363 2401 usus
393 2361 515 2401 fuerit
547 2361 590 2401 in
621 2361 802 2402 editione
834 2376 907 2402 sua
938 2360 1108 2402 Horatii
1139 2361 1310 2415 eiusque
1342 2362 1534 2407 vitarum,
1579 2360 1662 2400 alio
1702 2360 1793 2401 1000
1824 2360 1899 2399 (11-

78 2433 256 2475 cendum
286 2433 389 2474 mihi
421 2440 492 2475 est.

187 2509 226 2547 4.
261 2507 483 2548 Florentini
524 2507 689 2548 codices
734 2507 918 2555 Horatii,
965 2522 1067 2562 quos
1113 2507 1271 2562 passim
1317 2520 1665 2548 commemorasse
1713 2506 1899 2555 memini,

78 2586 172 2620 sunt
202 2580 284 2621 duo
314 2580 375 2620 illi
401 2581 767 2622 Laurentiumoram
799 2583 1057 2636 antiquissimi
1086 2595 1136 2621 ex
1168 2580 1333 2621 saeculo
1355 2579 1446 2620 XI:
1483 2581 1526 2635 11)
1557 2579 1687 2619 Laur.
1722 2580 1757 2619 1.
1789 2578 1899 2619 Plut.

77 2651 303 2703 XXXIV,
336 2660 559 2694 catenatus.
591 2653 766 2694 Praeter
795 2653 903 2694 uitas
934 2653 954 2693 I
976 2661 1013 2694 et
1036 2653 1101 2693 ΙΠ
1132 2653 1345 2708 integrum
1366 2652 1593 2694 Horatium
1616 2667 1710 2692 011111
1732 2651 1900 2692 scholiis

79 2726 262 2766 continet
290 2727 369 2767 hoc
400 2727 565 2767 ordine:
614 2724 799 2767 Carmm.
837 2726 923 2767 Ars
954 2741 1020 2781 po.
1052 2725 1220 2780 Epodd.
1255 2724 1440 2766 Carmm.
1474 2739 1581 2766 saec.
1612 2724 1766 2779 Epistt.
1800 2722 1900 2765 Ser-

79 2813 235 2840 mones.
293 2798 344 2839 In
374 2800 473 2841 folio
504 2800 736 2854 praemisso
767 2799 894 2840 rubra
926 2806 1038 2839 extat
1068 2798 1233 2839 notitia:
1276 2796 1463 2839 ‘Contuli
1493 2811 1635 2838 mense
1666 2796 1900 2838 Februario

80 2869 380 2912 MDCCXXI
423 2872 524 2912 Ant.
575 2873 788 2914 Coccliias.’
835 2873 880 2926 b)
913 2872 1043 2912 Laur.
1074 2873 1112 2912 4.
1151 2870 1260 2911 Plut.
1299 2869 1571 2911 XXXVIII.
1602 2885 1641 2910 n.
1681 2872 1747 2919 27,
1793 2870 1902 2910 inter

79 2944 383 2997 Terentiunret
397 2944 590 2986 Persium
612 2945 777 3000 integra
794 2944 963 2986 Horatii
985 2959 1113 2998 opera
1133 2943 1351 2999 praebens,
1384 2957 1491 2997 quae
1515 2942 1574 2984 sic
1595 2957 1638 2983 se
1660 2942 1898 2996 excipiunt:

83 3015 267 3058 Carmm.
297 3015 396 3058 Ars.
428 3032 494 3072 po.
526 3017 692 3071 Epodd.
739 3016 922 3059 Carmm.
970 3031 1077 3058 saec.
1123 3016 1277 3071 Epistt.
1324 3016 1561 3057 Sermones.
1608 3014 1901 3057 Adseruantur

83 3096 219 3130 autem
250 3090 415 3130 codices
444 3090 669 3130 Horatiani
700 3090 742 3129 in
774 3089 885 3130 Bibl.
915 3089 1201 3130 Laurentiana
1232 3091 1298 3138 31,
1346 3089 1388 3129 in
1424 3088 1706 3130 Riecardiana
1749 3090 1812 3137 19,
1858 3094 1901 3127 111

84 3162 135 3202 de
164 3161 382 3203 Marucell.
415 3170 454 3203 et
485 3162 855 3217 Magliabechiana
886 3162 954 3203 hic
984 3170 1156 3203 taceam.
