2283 3535
253 1041 292 1072 10

318 238 400 280 326
958 248 1064 281 Aca.
1091 249 1151 281 ET
1176 248 1343 281 PORPH.
1369 248 1516 281 COMM.

435 374 501 415 13.
534 374 716 415 demersa
746 374 879 415 exitio.
940 372 1120 414 Deiecta
1150 371 1267 413 hiatu
1297 371 1477 421 telluris3
1510 387 1608 412 nam
1638 386 1716 426 pro
1737 369 2002 427 Amphiarao
2023 377 2152 412 totam

321 447 491 488 domum
522 446 675 501 posuit,
709 446 780 501 qui
811 446 854 487 in
886 445 996 487 bello
1027 445 1232 487 Thebano
1264 445 1488 500 absorptus
1518 445 1595 486 fuit
1627 459 1651 485 a
1681 452 1805 485 terra.

434 520 498 561 13.
534 520 693 575 Diffidz't
722 521 810 561 urb.
836 528 944 576 port.
976 521 1054 560 uir.
1087 519 1244 561 Maedo.
1307 520 1473 574 De'ffide't.
1533 518 1708 568 Diuisit,
1740 517 1882 568 diruit,
1912 525 1957 559 ut
1989 517 2063 573 (A.
2093 518 2151 569 ΙΙ,

319 594 440 648 234):
474 594 707 635 Diuidimus
738 608 889 635 muros.
967 592 1216 647 Philippum
1247 592 1470 648 significat,
1516 591 1754 633 Alexandri
1783 591 1938 647 Magni
1974 598 2151 646 patrem,

321 666 394 722 qui
424 666 577 708 multas
609 666 799 708 ciuitates
830 680 931 707 auro
962 665 1251 720 proditoribus
1282 665 1379 706 dato
1411 664 1523 720 cepit
1553 672 1593 706 et
1622 664 1763 705 diruit.

434 742 498 782 15.
534 741 596 781 16.
629 754 799 781 munera
833 754 872 780 η.
912 754 942 780 s.
980 739 1099 794 inlaq.
1138 739 1175 779 d.
1253 737 1410 795 [Dicit]
1450 738 1623 793 piratas,
1669 744 1844 793 propter
1879 737 2153 792 rapacitatem

318 813 489 854 scilicet.
563 812 734 853 Piratae
765 812 876 853 enim
908 811 1138 868 cupiditate
1169 812 1275 853 lucri
1305 811 1528 853 latrocinia
1558 819 1767 861 exercent,
1813 811 1912 853 hinc
1949 818 1990 852 et
2028 826 2154 868 saepe

319 886 621 940 periclitantur.
682 885 739 926 Et
769 892 831 926 est
861 885 983 927 ordo:
1016 884 1162 927 Duces
1192 885 1379 935 nauium,
1410 900 1496 926 non
1525 899 1701 926 munera
1721 884 1906 926 nauium.

434 961 497 1000 17.
532 968 769 1001 crescentem
799 976 829 1000 s.
863 974 894 1000 c.
921 975 964 1015 p.
1041 958 1161 1000 Ordo
1192 966 1272 1000 est:
1323 956 1438 1000 Cura
1476 965 1517 999 et
1552 959 1685 1000 fames
1722 958 1931 1000 maiorum
1973 958 2155 1015 [scilicet

318 1032 596 1089 diuitiarum]
662 1032 828 1088 Augeri
849 1031 951 1073 dicit
973 1040 1148 1086 quaestu
1180 1031 1467 1087 cupiditatem,
1489 1038 1533 1073 ut
1555 1033 1647 1073 Juv.
1672 1030 1820 1087 (XIV,
1845 1032 1968 1088 139):
2006 1032 2155 1075 Crescit

318 1121 432 1148 amor
462 1110 587 1154 metm}
619 1114 814 1162 quantum
844 1107 930 1162 ipsa
955 1108 1131 1161 pecunia
1163 1107 1317 1147 crescit.

432 1181 496 1222 18.
528 1182 616 1221 iure
642 1179 873 1236 perhorrui.
911 1179 1010 1221 Late
1047 1194 1177 1236 consp.
1210 1180 1289 1221 toll.
1322 1188 1424 1221 uert.
1483 1179 1535 1220 Id
1565 1186 1640 1229 est,
1676 1178 1955 1234 pecuniarum
1986 1179 2152 1221 deside-

317 1253 427 1295 rium
457 1253 606 1294 merito
639 1252 842 1309 [spreui3]
875 1252 1019 1294 horrui
1050 1253 1201 1295 timore
1232 1268 1441 1303 curarum,
1474 1252 1542 1294 uel
1571 1252 1778 1294 honorum
1808 1252 2052 1307 potentiam.

434 1328 497 1368 19.
529 1328 732 1368 uerticem.
793 1326 1106 1382 Argumentum
1138 1326 1383 1368 diuitiarum
1415 1333 1455 1368 et
1485 1326 1777 1368 celsitudinem
1808 1325 2076 1382 dignitatum.

431 1401 497 1442 20.
528 1401 658 1443 Maec.
690 1416 718 1441 e.
752 1401 788 1441 d.
847 1399 1077 1442 Maecenas
1108 1400 1221 1442 enim
1252 1414 1379 1455 eques
1399 1399 1615 1442 Romanus
1636 1400 1715 1442 fuit
1743 1414 1822 1441 nec
1851 1399 1985 1441 uoluit
2015 1406 2153 1441 trans-

316 1474 380 1515 ire
414 1474 458 1515 in
487 1474 680 1516 ordinem
712 1480 964 1516 senatorum.

317 1670 394 1700 Met.
421 1670 462 1706 ΙΙ,
492 1671 569 1700 123:
597 1679 708 1699 aurum
735 1670 903 1708 fulgurans
930 1674 959 1698 et
986 1669 1137 1699 succirzmn
1162 1670 1240 1698 mire
1266 1673 1415 1698 cauatum
1442 1670 1473 1698 in
1500 1670 1637 1707 lapides.
1685 1670 1735 1698 De
1761 1670 1821 1699 hoc
1846 1670 1959 1700 monili
1985 1669 2024 1699 cf.
2044 1670 2153 1700 Lutat.

318 1728 358 1756 ad
383 1727 465 1757 Stat.
492 1727 591 1756 Theb.
617 1726 659 1761 11,
687 1727 761 1756 272.
789 1727 942 1758 Parthen,
970 1726 1058 1756 Erot.
1087 1728 1138 1756 25.
1166 1725 1308 1764 Longior
1335 1735 1435 1764 eaque
1462 1727 1561 1756 multo
1588 1727 1731 1756 deterior
1757 1727 1952 1756 emendandi
1969 1728 2023 1757 uia
2049 1730 2152 1758 esset:

318 1789 449 1824 propter
462 1794 601 1815 amorem
627 1785 703 1815 doni
727 1785 894 1824 Polynicis
920 1785 1024 1823 operis
1051 1783 1206 1814 Scazontis
1231 1793 1287 1821 pro
1311 1783 1466 1820 Vulcano,
1495 1783 1551 1812 deo
1576 1783 1689 1813 claudo
1717 1782 1802 1821 (Cic.
1829 1783 1869 1813 N.
1895 1783 1936 1813 D.
1951 1783 1976 1821 Ι,
2003 1784 2072 1824 30),
2098 1784 2153 1822 qui

316 1851 378 1872 non
404 1839 562 1878 σκάζων
586 1851 689 1879 neque
713 1837 820 1884 χωλὸς
846 1842 902 1871 sed
927 1838 1118 1884 ἀμφιγυήεις
1142 1836 1364 1870 κυλλοποδίων
1389 1850 1407 1869 a
1432 1840 1573 1869 Homero
1600 1844 1746 1870 vocatur.

433 1898 466 1938 1)
484 1899 587 1928 exitio
604 1899 809 1939 A·sbl‚r1nva.
835 1902 870 1927 ut
895 1907 976 1927 omn.
1003 1898 1071 1927 fere
1095 1902 1161 1927 uet.
1181 1897 1272 1925 codd.
1299 1896 1376 1925 Hor.
1396 1897 1427 1926 K
1446 1897 1505 1926 hac
1524 1901 1615 1934 parte
1633 1901 1730 1926 caret.
1757 1897 1783 1926 E
1803 1906 1866 1927 non
1884 1898 1968 1927 alm.
1986 1897 2083 1927 habet
2101 1906 2154 1926 eo:-

317 1954 394 1985 cidio
420 1956 474 1984 sed
507 1955 593 1984 eritis
619 1955 703 1984 a‘Zm.
730 1964 808 1983 corr.
827 1954 924 1984 exitio.
952 1964 1007 1992 per
1026 1954 1188 1984 excidium
1215 1954 1379 1983 destruxit
1405 1954 1448 1991 gl.
1473 1953 1545 1982 Par.
1572 1952 1605 1982 C.
1624 1953 1739 1983 excidio
1764 1963 1840 1991 pure
1858 1953 1931 1983 DH.
1949 1953 2046 1983 Bern.
2065 1952 2099 1990 C,
2118 1958 2154 1984 ut

318 2021 395 2041 recc.
420 2012 549 2050 plurimi
577 2016 606 2041 et
638 2010 681 2040 fh.
709 2012 808 2041 schol.
835 2021 896 2041 om.
915 2011 976 2040 Ab.
1027 2011 1060 2049 2)
1089 2011 1207 2049 posuit,
1235 2011 1288 2049 qui
1307 2011 1340 2040 iu
1358 2011 1442 2040 bello
1460 2011 1600 2040 thebano
1620 2011 1790 2048 absorptus
1808 2010 1870 2040 fuit
1890 2020 1907 2039 a
1924 2014 2010 2040 terra
2027 2011 2066 2043 R.
2084 2011 2153 2040 rell.

318 2078 377 2097 om.
404 2072 508 2098 totum
535 2069 663 2098 domum
688 2069 796 2105 posuit
821 2078 870 2097 om
896 2078 922 2108 γ.
973 2069 1007 2107 3)
1035 2067 1106 2097 Sch.
1127 2077 1168 2097 cx
1187 2067 1235 2108 Λγ
1253 2071 1285 2097 et
1302 2067 1336 2097 C.
1355 2068 1423 2097 rell.
1450 2077 1509 2096 om.
1537 2066 1656 2105 dirupit
1677 2065 1730 2108 γΟ.
1755 2067 1789 2096 111
1806 2066 1834 2096 A
1851 2067 1982 2096 verbum
2008 2067 2153 2097 euanuit.

318 2124 495 2154 diuidimus
513 2134 529 2166 γ
546 2129 581 2154 ut
607 2134 656 2162 ap.
676 2125 771 2163 Verg.
790 2124 889 2164 dissid.
912 2124 946 2154 C.
964 2147 969 2153 .
988 2147 993 2153 .
1009 2125 1115 2154 dimus
1142 2125 1181 2154 A.
1209 2125 1246 2154 cf.
1264 2124 1353 2154 Seru.
1369 2124 1405 2153 A.
1421 2124 1475 2160 XI,
1504 2125 1578 2153 567.
1610 2124 1687 2162 tilip.
1718 2124 1756 2154 A.
1808 2123 1841 2162 6)
1867 2124 1964 2162 inlaq.
1983 2123 2092 2166 AybG,
2118 2129 2153 2154 ut

319 2180 428 2223 lissapc
447 2182 488 2210 al.
509 2181 598 2211 Dicit
630 2191 689 2211 om.
715 2180 819 2219 Ab‚C.
847 2181 934 2211 duces
960 2182 1082 2219 piratas
1108 2182 1152 2220 gl.
1178 2181 1236 2223 γΑ.
1264 2185 1394 2219 propter
1426 2190 1493 2218 rap.
1522 2189 1564 2209 sc.
1591 2190 1651 2210 om.
1677 2179 1755 2222 A-sb.
1784 2180 1871 2210 ducit
1897 2181 1933 2210 R.
1964 2181 2088 2210 inducit
2114 2179 2152 2210 G.

321 2238 354 2276 7)
379 2237 507 2267 Piratae
545 2255 585 2258 —
625 2239 756 2267 nauium
793 2247 853 2266 om.
883 2237 939 2279 Αγ.
982 2239 1032 2266 17.
1070 2238 1250 2275 cupiditate
1275 2237 1355 2266 le.
1394 2237 1465 2266 edd.
1499 2241 1624 2275 propter
1661 2237 1886 2274 cupiditatem.
1923 2236 1991 2266 hinc
2021 2242 2054 2267 et
2077 2237 2153 2267 bRr.

318 2303 419 2331 neque
444 2294 478 2323 111
505 2299 536 2324 et
573 2303 667 2332 saepe
698 2295 805 2331 1‚rmv.
834 2298 864 2323 et
892 2303 985 2331 saepe
1010 2293 1057 2323 hic
1084 2295 1112 2322 2.
1139 2294 1210 2324 rell.
1237 2303 1298 2323 om.
1325 2293 1402 2322 hinc.
1453 2293 1488 2332 9)
1515 2294 1636 2323 Sensus
1663 2292 1784 2331 (Ordo)
1807 2293 2000 2323 diuitiarum
2015 2303 2074 2323 om.
2091 2293 2152 2323 Ab.

319 2349 409 2379 Ordo
435 2354 482 2380 est
509 2359 582 2379 cura
610 2355 639 2380 et
658 2349 759 2380 fames
778 2350 934 2379 maiorum
960 2349 1147 2390 ·[R12‚rn1v.
1197 2350 1308 2379 Sensus
1334 2354 1399 2379 cst:
1429 2349 1543 2379 Curam
1571 2354 1599 2379 et
1627 2348 1817 2378 samemafh.
1858 2349 1976 2379 Sensus
1992 2355 2052 2386 est,
2079 2359 2152 2380 cura

318 2407 463 2445 sequitur
489 2407 623 2436 diuitias
649 2411 831 2437 crescentes
869 2411 900 2436 et
936 2405 1035 2435 fames
1074 2407 1230 2435 maiorum
1268 2406 1455 2435 diuitiarum
1493 2410 1631 2445 augetur
1657 2406 1839 2444 cupiditate
1865 2405 1901 2435 G.
1938 2406 2152 2445 maiorumque.

319 2465 449 2493 diuitum
474 2464 524 2493 uel
551 2465 732 2501 potentium
759 2465 803 2501 gl.
829 2474 855 2505 γ,
882 2465 1037 2493 maiorum
1065 2464 1197 2493 diuitum
1225 2474 1248 2492 r.
1277 2468 1305 2492 ct
1335 2463 1433 2492 fames
1461 2462 1559 2492 maior
1596 2461 1787 2500 (maiorum)
1827 2462 1860 2491 id
1898 2467 1945 2492 est
1971 2462 2154 2492 diuitiarum

318 2530 391 2559 aug.
418 2520 453 2549 R.
479 2520 582 2550 fames
616 2521 648 2550 id
675 2525 723 2550 est
758 2520 950 2550 diuitiarum.
977 2521 1133 2550 maiorum
1164 2521 1256 2549 1.1111·.
1285 2519 1396 2549 famem
1421 2520 1490 2549 scil.
1518 2519 1701 2549 diuitiarum
1736 2519 1890 2549 maiorum
1922 2528 1995 2557 aug.
2022 2529 2039 2549 a
2077 2519 2152 2557 (Fa-

319 2587 396 2606 mem
418 2578 493 2607 mai.
520 2587 562 2607 sc.
590 2578 654 2607 diu.
682 2587 755 2616 aug.
783 2577 846 2615 fh.)
887 2577 926 2607 cf.
955 2578 1160 2615 pecuniarum
1189 2576 1271 2606 infra
1299 2581 1327 2606 ct
1357 2577 1387 2605 in
1415 2576 1530 2613 Porph.
1590 2575 1645 2613 10)
1674 2575 1754 2605 Nou.
1782 2576 1847 2605 sch.
1886 2575 1991 2614 posuit
2018 2575 2047 2605 A
2081 2585 2151 2606 cum

318 2634 470 2664 lemmate
490 2633 681 2669 Crescentem,
708 2644 767 2663 om.
795 2633 874 2663 dicit.
903 2639 1011 2671 questu
1036 2635 1239 2673 cupiditatem
1264 2635 1342 2676 Ayb.
1371 2639 1485 2673 questu
1511 2639 1537 2663 ec
1561 2634 1740 2672 cupiditate
1758 2643 1782 2662 r.
1798 2637 1958 2672 quaestum
1973 2634 2153 2673 cupiditate

323 2692 417 2726 l,mv.
434 2694 586 2728 quaestus
612 2691 793 2728 cupiditate
819 2689 917 2726 ath.
943 2690 1043 2720 fumes
1071 2692 1216 2729 sequitur
1242 2693 1410 2729 pecuniam
1437 2695 1644 2720 crescentem.
1693 2690 1814 2727 Augeri
1841 2690 1921 2720 dicit
1947 2691 2153 2728 cupiditatem

319 2751 429 2784 questu
456 2748 484 2776 2.
536 2747 590 2785 11)
617 2747 732 2777 Nullus
760 2747 841 2776 liber
866 2748 941 2776 hab.
969 2747 1065 2777 creuit
1091 2748 1234 2786 (Jahn).
1290 2748 1343 2785 12)
1372 2748 1408 2777 ld
1433 2752 1479 2776 est
1506 2747 1560 2788 Αγ.
1587 2747 1653 2776 rell.
1681 2756 1740 2777 om.
1779 2747 1847 2775 seli.
1874 2757 1935 2776 om.
1962 2748 1992 2776 b.
2041 2746 2078 2776 Id
2103 2751 2152 2776 est

317 2802 420 2840 spreui
444 2803 508 2839 l{,r.
562 2803 618 2841 13)
645 2802 757 2841 Spreui
780 2813 840 2833 om.
857 2803 904 2845 Αγ
929 2809 959 2833 et
987 2803 1067 2841 (lm.
1094 2805 1152 2834 hoc
1179 2805 1271 2843 loco).
1293 2822 1310 2824 -Δ
1325 2822 1331 2825 -
1359 2804 1508 2833 bonorum
1524 2805 1603 2839 2,ac.
1620 2802 1792 2841 potentiam
1811 2801 1891 2844 Ast.
1910 2803 1976 2832 rell.
1997 2804 2150 2841 potentia.

314 2868 372 2896 per
396 2859 510 2888 horrui.
539 2869 606 2897 pec.
635 2859 700 2889 des.
728 2870 786 2889 ine.
815 2860 916 2898 respui
939 2865 964 2889 el
987 2860 1092 2899 spreui
1115 2866 1245 2898 propter
1271 2870 1362 2890 curas
1390 2865 1417 2889 et
1447 2859 1714 2897 inquietudinem.
1731 2876 1769 2879 --ν
1786 2858 2004 2896 conspicuum.
2032 2860 2152 2889 clarum

320 2919 351 2944 et
376 2920 502 2945 toruum
527 2916 670 2945 honorum
690 2916 823 2955 potentia
849 2915 884 2946 C.
905 2916 1081 2955 perhorrui.
1108 2917 1215 2954 respui
1241 2917 1283 2954 gl.
1310 2926 1334 2957 γ.
1400 2917 1455 2954 14)
1489 2919 1716 2954 augumentum
1741 2915 1799 2944 R2.
1839 2914 1946 2952 (Varr.
1974 2914 2008 2943 L.
2036 2914 2071 2943 L.
2096 2915 2150 2952 lv,

321 2971 378 3009 22)
406 2981 531 3007 (ermini.
560 2982 601 3012 γτ.
628 2978 723 3003 recte.
750 2983 805 3011 per
829 2977 1051 3013 arslumentum
1078 2974 1229 3011 intellege
1255 2978 1375 3008 notam,
1404 2974 1543 3012 signum.
1570 2978 1604 3003 ut
1630 2976 1819 3011 argumenta
1846 2971 1951 3001 odoris
1978 2971 2061 3000 Plin.
2080 2971 2150 3008 xil,

324 3028 371 3056 15.
399 3028 493 3065 signa
519 3033 616 3066 atque
642 3035 833 3067 argumenta
862 3030 964 3059 Plaut.
990 3030 1106 3067 Amph.
1134 3030 1171 3066 V,
1199 3031 1250 3059 35.
1277 3029 1424 3058 verticem.
1453 3034 1545 3068 caput
1574 3030 1618 3065 gl.
1647 3028 1681 3058 C.
1744 3028 1799 3066 15)
1827 3028 1910 3056 enim
1936 3037 1997 3056 om.
2031 3027 2078 3057 fh.
2116 3028 2151 3057 Id

321 3087 367 3112 est
395 3093 420 3124 γ.
471 3083 596 3118 Quanto
623 3085 757 3114 diuitias
783 3086 887 3124 magis
914 3086 1071 3123 sprcucrit
1096 3085 1210 3120 cath.
1239 3086 1304 3115 diu.
1332 3087 1452 3124 spreuit
1480 3096 1502 3115 r.
1531 3089 1686 3115 contento
1711 3085 1792 3125 Αγῑῖ.
1820 3083 2003 3121 contemplo.
2029 3085 2151 3114 medio-

320 3140 439 3169 critatis
465 3148 557 3168 censu
584 3140 620 3169 lt.
649 3142 718 3170 rell.
746 3146 920 3172 contentus.
971 3142 1075 3171 Schol.
1104 3142 1185 3171 satis,
1212 3142 1331 3171 clarum
1360 3152 1413 3180 per
1438 3143 1580 3172 editores
1607 3142 1756 3170 vitiatum
1791 3144 1848 3169 est.
1896 3140 1957 3169 Pro
1982 3139 2100 3170 habenti
2123 3140 2151 3176 Q

320 3196 436 3226 inculc.
461 3195 606 3231 habuerit,
634 3196 820 3236 (ambiuerit
848 3198 901 3236 C).
951 3198 1011 3228 Pro
1036 3203 1185 3237 tamqnam
1211 3197 1333 3232 cath:
1360 3201 1449 3228 tanto.
1477 3199 1570 3234 male,
1597 3207 1669 3227 nani
1694 3206 1795 3234 neque
1814 3196 1929 3226 Acron.
1958 3205 2016 3226 nec
2033 3195 2149 3234 Porph.

320 3253 591 3290 comparationem
617 3254 646 3281 h.
674 3253 694 3283 1.
722 3255 868 3292 exponit.
