2170 3460
90 636 107 665 0!

88 1001 128 1032 10

157 200 237 240 266
790 210 895 242 Aca.
922 210 983 242 ET
1008 209 1174 242 PORPH.
1201 209 1349 242 COMM.

149 333 359 390 palumbes
401 334 562 374 Temere.
630 332 784 375 Voltur
818 348 939 375 mons
979 340 1040 375 cst
1075 331 1272 388 Apuliae.
1341 333 1512 389 Apuliae
1542 331 1787 386 prouinciae
1815 345 1982 382 nomen,

156 408 309 448 altricis
344 421 421 461 pro
458 408 628 448 nutricis
673 406 824 462 posuit,
858 407 957 461 quia
1007 406 1104 447 inde
1148 406 1237 448 fuit.
1310 404 1588 461 Fabulo[sam
1633 418 1733 446 uero
1777 404 1983 446 nutricem

148 479 400 535 appellauit,
433 480 545 535 quod
574 480 652 521 hae
683 480 770 521 fere
800 479 980 521 alumnis
1011 481 1096 521 suis
1126 494 1299 521 narrare
1329 478 1493 520 fabulas
1523 477 1689 534 solent]
1750 477 1870 520 Ordo
1901 484 1982 519 est:

155 553 230 595 Me
260 568 438 609 puerum
468 553 689 609 fatigatum
721 553 820 594 ludo
842 559 881 593 et
903 568 1050 595 somno
1081 560 1222 594 texere
1252 552 1475 608 palumbes
1505 566 1615 593 noua
1644 551 1792 593 fronde
1813 551 1858 592 in
1877 550 1984 592 Vol-

158 634 250 668 ture
280 626 425 682 Apulo
456 633 574 668 extra
603 626 733 666 limen
771 624 1029 682 [fabulosae]
1061 625 1247 681 Apuliae
1281 625 1310 682 [‚
1342 640 1460 667 meae
1490 624 1685 681 nutricis]
1718 624 1889 665 altricis.

270 702 334 741 12.
364 701 510 755 fronde
542 714 663 741 noua.
722 698 878 748 viridi,
909 713 993 740 non
1025 699 1198 753 antiqua
1227 714 1306 740 nec
1337 699 1478 750 arida,
1526 713 1632 754 quae
1663 698 1791 740 odore
1822 704 1863 739 et
1891 712 1984 738 um-

156 773 232 814 bra
262 788 430 815 somnos
460 772 652 822 nutriret,
684 778 729 812 ut
759 778 819 813 est
851 771 990 827 (Very.
1023 771 1077 812 A.
1109 771 1144 822 Ι,
1178 773 1302 828 694);
1345 773 1533 814 Floribus
1564 782 1599 815 et
1630 773 1742 814 dulci
1768 772 1985 828 adspirans

156 848 416 904 conplectitur
446 847 602 888 ambra.

268 922 333 961 14.
366 920 645 962 Aetam-umiae.
706 917 970 960 Acheruntia
1000 918 1148 960 ciuitas
1179 926 1240 960 est
1254 917 1439 974 Apuliae
1472 919 1731 961 contermina
1751 917 1984 968 Lucaniae,

154 1007 280 1047 quam
310 993 457 1034 nidum
487 993 540 1034 ob
571 993 651 1034 hoe
681 991 924 1047 appellauit,
970 991 1068 1045 quia
1111 1007 1245 1046 parua
1289 1000 1351 1034 est
1395 999 1434 1034 et
1476 993 1520 1033 in
1564 992 1717 1034 montis
1762 991 1985 1034 constituta

154 1067 392 1109 summitate
423 1067 530 1108 sicut
559 1066 649 1107 nidi
680 1066 822 1107 auium
852 1064 896 1106 in
928 1064 1102 1106 summis
1133 1064 1367 1107 arboribus.

269 1142 333 1183 15.
365 1142 568 1196 saltusque
601 1141 809 1182 Bantinos.
873 1138 1029 1180 Bantia
1067 1139 1215 1181 ciuitas
1256 1138 1442 1195 Apuliae
1481 1140 1560 1182 fuit
1598 1138 1859 1181 contermina
1895 1138 1984 1181 Ve-

153 1228 199 1266 B,
226 1228 314 1258 Parr.
340 1228 488 1266 HMOQ,
527 1229 544 1258 5
570 1228 674 1257 Harll.
700 1229 784 1258 inter
809 1237 886 1266 quos
912 1226 1131 1264 Gracuianus7
1164 1228 1374 1266 todidemque
1401 1227 1531 1258 Oxonn.
1559 1229 1643 1257 inter
1669 1237 1748 1266 quos
1773 1227 1984 1265 Reginensis,

153 1289 189 1315 ut
216 1285 255 1315 de
279 1286 355 1315 aliis
381 1286 435 1315 hic
460 1289 492 1315 et
518 1286 557 1315 de
582 1288 663 1315 uett.
692 1285 762 1314 edd.
789 1288 825 1314 ut
850 1284 931 1322 Nap.
957 1288 990 1314 et
1016 1284 1129 1313 Lauer.
1157 1288 1292 1314 taceam.
1341 1284 1479 1315 Accedit
1504 1285 1588 1323 quod
1613 1285 1765 1314 lemmata
1789 1293 1892 1323 neque
1917 1288 1984 1314 net.

152 1342 187 1371 M
211 1342 330 1380 Porph.
362 1351 465 1381 neque
491 1343 582 1372 codd.
609 1342 684 1371 Aer.
711 1341 808 1383 A-sbR
839 1341 974 1370 alteram
998 1344 1104 1369 utram
1130 1341 1204 1370 leet.
1231 1342 1417 1371 ostendunt.
1465 1341 1544 1371 Inde
1569 1342 1720 1380 colligere
1746 1341 1833 1379 licet,
1857 1340 1985 1370 nutricis

153 1399 325 1429 lectionem
351 1408 391 1428 ex
417 1400 498 1438 ipsis
524 1399 656 1428 scholiis
682 1399 715 1427 in
741 1398 866 1428 codices
892 1397 969 1427 Hor.
997 1397 1164 1426 transisse.
1213 1396 1301 1432 Quae
1327 1408 1397 1427 cum
1429 1399 1475 1427 ita
1501 1398 1585 1435 siut,
1618 1398 1773 1427 audacius
1806 1407 1903 1436 agere
1936 1397 1984 1425 fas

154 1459 203 1485 est
229 1456 261 1484 in
288 1456 480 1485 dirimendis
515 1455 764 1485 difficultatibus
796 1454 1015 1492 tollendisque
1049 1454 1183 1492 ineptiis
1217 1454 1348 1490 scholii,
1391 1455 1480 1483 cuius
1512 1455 1586 1483 lect.
1611 1454 1699 1492 uulg.
1726 1455 1759 1483 in
1785 1454 1879 1484 libris
1904 1453 1983 1483 haec

157 1516 222 1541 est:
255 1511 382 1541 Vultare
414 1512 555 1551 (uolture
579 1512 756 1554 A-sBssER,
789 1511 884 1540 Bern.
914 1510 938 1540 C
965 1511 1054 1549 etc).
1098 1511 1214 1539 Vultur
1238 1521 1328 1541 mons
1355 1515 1404 1541 est
1428 1512 1564 1549 apuliae.
1609 1511 1806 1540 Fabulosam
1837 1520 1914 1540 uero
1942 1527 1983 1531 —

154 1568 281 1597 fabulas
307 1569 422 1598 solent.
464 1568 552 1599 Ordo
577 1586 618 1589 -—
646 1569 794 1599 nutricis.
838 1567 1027 1597 Prouinciae
1051 1577 1165 1596 nomen
1191 1568 1300 1605 posuit
1325 1577 1379 1605 pro
1405 1568 1542 1598 nutricis
1570 1586 1609 1588 —
1629 1567 1703 1597 fuit.
1741 1568 1885 1597 Primum
1902 1567 1984 1605 Apa-

152 1625 210 1654 llae
235 1626 351 1654 lemma
378 1626 555 1663 interposui
582 1629 613 1654 et
638 1624 771 1659 altrz'cz's,·
806 1624 923 1653 deinde
950 1624 1196 1662 implicatiorem
1223 1625 1336 1653 scholii
1364 1629 1486 1662 partem
1512 1626 1557 1654 sie
1584 1625 1825 1662 expediucrim:
1859 1623 1984 1653 sabulo-

152 1691 202 1710 sas
227 1692 302 1711 uero
322 1681 478 1720 palumbes
503 1682 700 1720 appellauit,
734 1681 818 1719 quod
845 1681 924 1710 haee
951 1681 1012 1719 (sc.
1040 1681 1178 1719 Apulia)
1213 1680 1279 1710 fere
1311 1680 1349 1710 cle
1373 1680 1512 1710 columbis
1537 1680 1596 1710 illis
1622 1690 1754 1710 narrare
1780 1679 1906 1710 fabulas
1933 1689 1984 1712 so-

154 1739 252 1774 lebat,
278 1739 363 1776 quod
377 1738 516 1778 feminae
542 1739 581 1767 de
592 1737 745 1776 palumbis
762 1737 823 1766 suis
841 1738 909 1766 siue
926 1737 1124 1775 palumbinis
1142 1747 1271 1767 narrare
1288 1737 1416 1767 fabulas
1435 1738 1538 1766 solent.
1556 1755 1592 1758 —
1614 1736 1785 1767 Caeterum
1811 1737 1984 1766 dicendum

153 1800 219 1832 est,
258 1796 490 1825 constructioni
529 1799 559 1824 et
599 1795 815 1833 explicationi
850 1793 977 1823 natricis
1004 1793 1173 1832 fabedosae
1208 1795 1292 1832 apud
1316 1793 1389 1823 Aer.
1416 1797 1447 1823 et
1472 1794 1592 1832 Porph.
1618 1803 1798 1832 repugnare
1822 1797 1984 1823 uetustam

152 1852 293 1889 gloss-am
320 1853 354 1881 in
370 1851 432 1894 ⁴50:
447 1851 623 1890 ficbalosae.
650 1851 685 1880 de
709 1861 767 1889 qua
791 1852 894 1881 multa
920 1851 1072 1880 dicuntur
1096 1851 1204 1881 fabule
1231 1851 1417 1889 (narrantem-
1442 1851 1571 1881 fabulae
1590 1850 1643 1889 C),
1671 1860 1710 1880 ex
1735 1860 1797 1890 qua
1823 1855 1913 1889 patet
1938 1851 1984 1880 ibi

151 1909 305 1946 Apuliam
330 1909 433 1947 ipsam
457 1908 637 1938 fabulosam
662 1917 731 1937 esse
757 1908 887 1937 dictam.
928 1907 1040 1937 Potuit
1065 1908 1195 1945 quidem
1220 1908 1278 1938 hoc
1303 1909 1372 1938 loco
1401 1907 1507 1945 ,altriae
1531 1907 1652 1947 Apulia’
1686 1909 1707 1937 i.
1736 1917 1760 1936 e.
1787 1908 1894 1945 patria
1919 1907 1984 1936 dici

152 1965 316 2004 fabulosa,
343 1970 379 1995 ut
403 1966 576 2005 Hydaspes
603 1974 698 2002 supra
723 1964 754 2001 Ι,
783 1965 840 2001 22,
869 1966 886 1993 7
918 1965 957 1993 ab
983 1964 1118 1994 Horatio
1145 1968 1176 1994 et
1200 1964 1294 1994 Atlas
1320 1974 1338 1994 a
1363 1964 1445 1994 Plin.
1471 1964 1537 2000 XI,
1564 1966 1623 2002 39,
1651 1964 1707 1993 sed
1721 1963 1890 2003 fabulosae
1915 1964 1984 2002 epi-

151 2023 263 2052 theton
288 2024 327 2052 ad
346 2022 501 2061 palumbes
525 2023 686 2061 pertinere
711 2022 849 2051 uidetur.
896 2021 989 2057 Quod
1015 2025 1123 2051 tamen
1164 2023 1218 2061 qui
1244 2022 1364 2059 Porph.
1402 2022 1608 2051 remotiorem
1640 2021 1747 2050 sedem
1775 2021 1982 2058 substantiui,
2022 2047 2027 2052 ,

151 2080 395 2117 improbandum
420 2089 491 2110 esse
517 2082 678 2117 censeant,
704 2080 737 2108 hi
763 2088 885 2109 mecum
912 2079 1033 2118 legant,
1060 2079 1150 2109 nulla
1174 2080 1283 2110 littera
1307 2083 1442 2117 mutata,
1469 2078 1613 2108 fabulose
1641 2079 1662 2108 i.
1681 2088 1706 2108 e.
1736 2079 1817 2108 miro
1834 2078 1928 2108 modo
1943 2078 1983 2107 li-

154 2141 201 2166 cet
228 2138 337 2167 nullus
363 2138 466 2167 codex
491 2138 537 2167 sie
561 2138 688 2167 habeat.

266 2192 299 2231 1)
336 2203 429 2225 mons
464 2199 506 2224 est
542 2193 692 2236 Αγ2,(]ι·.
734 2195 802 2224 rell.
841 2204 900 2224 om.
942 2195 1027 2233 apul.
1064 2194 1335 2237 A-5R12‚Crafh.
1376 2195 1483 2233 appul.
1520 2204 1551 2224 v.
1589 2193 1728 2232 Apuliae
1778 2211 1819 2215 ——-
1866 2193 1983 2232 appulo

151 2260 178 2281 a.
220 2260 336 2280 nomen
361 2252 469 2289 posuit
495 2250 574 2286 th.
614 2251 788 2290 genitrices
815 2252 922 2289 posuit
946 2261 972 2292 γ.
1012 2252 1080 2281 rell.
1108 2253 1250 2281 nutrices
1276 2252 1394 2290 posuit.
1437 2261 1518 2281 meae
1554 2252 1613 2289 R2,
1652 2250 1774 2281 mvafh.
1811 2252 1880 2281 rell.
1919 2261 1981 2281 om.

150 2307 267 2345 appell.
306 2308 463 2337 nutricem
500 2308 530 2337 b.
568 2308 637 2337 rell.
676 2312 761 2337 nutr.
800 2317 873 2346 app.
939 2308 973 2346 3)
1013 2309 1090 2337 haec
1130 2307 1196 2338 fere
1236 2310 1263 2338 1.
1305 2308 1340 2338 lze
1367 2307 1485 2347 femine
1524 2309 1554 2337 b.
1596 2308 1665 2337 rell.
1706 2307 1763 2337 lzae
1790 2307 1876 2347 sere.
1912 2307 1983 2346 qaia

148 2363 280 2393 nutrices
305 2374 332 2393 a.
360 2374 384 2393 s.
411 2364 475 2394 fab.
512 2373 580 2393 nar.
619 2373 800 2394 consumere
837 2365 866 2393 2.
907 2365 1012 2394 solens
1046 2364 1084 2393 A.
1123 2363 1162 2393 cf.
1200 2365 1316 2403 Porph.
1354 2365 1432 2394 dicit
1468 2365 1646 2402 palumbes,
1684 2365 1761 2402 quia
1797 2368 1871 2393 sunt
1907 2373 1982 2393 con-

149 2425 292 2451 secratae
323 2422 450 2458 ueneri,
485 2425 514 2450 ct
548 2422 587 2451 de
612 2430 727 2451 uenere
753 2422 898 2451 dicturus
925 2425 983 2450 est.
1047 2421 1082 2459 4)
1114 2421 1289 2459 fatigatum
1325 2422 1401 2450 ludo
1439 2425 1471 2450 et
1506 2430 1616 2450 somno
1651 2421 1711 2462 71),
1753 2424 1787 2450 ut
1826 2421 1857 2449 in
1893 2419 1982 2456 Hor.1

149 2478 219 2507 rell.
246 2477 340 2516 fatig.
367 2487 477 2507 somno
504 2481 534 2507 ct
560 2478 635 2507 ludo
662 2487 702 2507 ex
729 2478 824 2507 Hom.
850 2478 887 2506 Il.
913 2478 951 2515 X,
980 2479 1020 2507 98
1049 2482 1079 2508 ct
1104 2479 1200 2508 Paus.
1226 2479 1289 2515 IX,
1315 2479 1358 2508 23
1386 2478 1424 2507 (le
1450 2478 1591 2507 Pindaro
1618 2478 1649 2506 in
1675 2486 1708 2506 re
1734 2477 1844 2508 simili.
1894 2476 1923 2506 A
1948 2477 1981 2506 in

149 2535 320 2564 lemmate:
362 2535 458 2563 limen
486 2535 518 2563 in
544 2535 706 2572 appuliae,
749 2535 782 2563 in
808 2535 902 2564 Ποῖ-,ς
930 2535 1073 2564 Nutricis
1100 2539 1193 2564 extra
1218 2534 1320 2565 limina
1346 2534 1381 2573 (2
1408 2544 1449 2564 m.
1478 2535 1486 2564 i
1514 2535 1546 2563 in
1573 2544 1588 2563 e
1614 2533 1711 2572 mut.)
1734 2533 1847 2571 pullae..
1897 2532 1923 2561 R
1949 2533 1981 2561 in

150 2591 292 2620 scholio:
321 2591 352 2619 in
377 2591 503 2620 ulturae
527 2592 654 2629 apuliae
680 2595 773 2620 extra
798 2591 903 2621 limina
928 2592 1054 2629 apuliae
1080 2591 1144 2621 fab.
1173 2596 1241 2621 nut.
1267 2600 1357 2620 meae.
1405 2600 1444 2632 γε
1473 2591 1504 2619 in
1531 2591 1656 2620 uolture
1683 2599 1733 2627 ap.
1761 2594 1853 2619 extra
1877 2588 1982 2619 limina

145 2647 239 2685 pullle
264 2647 328 2677 fab.
356 2648 507 2677 nutricis.
550 2647 589 2677 cf.
616 2648 660 2685 gl.
690 2647 784 2677 infra.
826 2648 854 2676 A
889 2658 948 2677 om.
990 2648 1078 2677 Ordo
1104 2665 1144 2669 -—
1171 2648 1319 2677 nutrici&
1369 2648 1404 2676 2:
1444 2650 1538 2676 extra
1564 2646 1666 2676 limina
1691 2646 1753 2675 fab.
1779 2646 1864 2684 apul.
1891 2654 1981 2675 meae

150 2705 296 2733 nutricis.
360 2704 394 2743 7)
421 2707 456 2733 ut
483 2708 533 2733 est
559 2703 664 2745 A·slJR.
689 2707 723 2733 ut
751 2707 797 2733 est
823 2705 907 2742 apud
933 2705 1022 2742 Vix-g.
1048 2715 1073 2734 r.
1100 2705 1170 2733 rell.
1199 2704 1249 2734 Sic
1273 2705 1363 2742 Virg.
1391 2704 1438 2745 Αγ
1465 2714 1525 2732 om.
1556 2704 1715 2733 Floribus,
1763 2720 1805 2723 —·
1855 2705 1885 2732 et
1909 2702 1980 2731 (lul-

150 2761 199 2789 cia
227 2761 353 2798 spirans
379 2760 427 2802 Λγ
463 2759 639 2799 (sperans).
683 2765 713 2790 et
740 2761 845 2790 dulcia
871 2761 1022 2799 spirantis
1048 2771 1148 2799 comp.
1174 2762 1205 2790 b.
1238 2762 1338 2798 conpl.
1363 2770 1390 2802 γ.
1453 2760 1487 2799 9)
1515 2760 1722 2789 achei-antiae
1750 2760 1800 2796 12,
1826 2762 1862 2788 ut
1882 2758 1980 2787 Bern.

150 2815 239 2845 ABC.
266 2817 373 2854 plnres
398 2816 503 2846 Harll.
531 2817 604 2847 Par.
630 2816 671 2853 D,
698 2817 834 2855 Francq.
861 2818 902 2847 al.
943 2817 982 2847 cf.
1008 2817 1040 2846 M
1066 2818 1182 2855 Porph.
1220 2821 1250 2847 et
1277 2816 1314 2846 C.
1341 2817 1367 2853 Iy
1395 2818 1425 2853 3,
1453 2817 1505 2845 36.
1543 2816 1583 2845 H.
1609 2815 1667 2853 ΙΙΙ,
1695 2816 1723 2852 3,
1754 2816 1803 2844 16.
1842 2815 1979 2844 Ritsehl.

151 2872 246 2901 Proll.
272 2873 378 2901 Plaut.
406 2873 493 2902 Trin.
520 2872 634 2902 XCVI.
661 2883 691 2902 u.
719 2874 793 2903 499.
822 2874 884 2903 525
925 2873 1187 2913 (Acheruntem).
1229 2874 1438 2903 acheronciae
1469 2873 1488 2901 b
1526 2873 1558 2901 in
1593 2872 1692 2902 schol.
1729 2875 1757 2901 et
1785 2871 1864 2900 Hor.
1905 2880 1923 2912 γ
1947 2871 1979 2900 in

148 2928 227 2958 Hor.
258 2929 519 2966 acluocronssdae,
554 2930 585 2958 in
612 2930 712 2959 schol.
739 2930 936 2968 acherontia,
964 2931 996 2959 in
1022 2930 1127 2959 lemni.
1155 2929 1374 2959 aclierontlziac
1400 2933 1435 2958 ut
1460 2928 1519 2957 ΛΕ
1545 2933 1576 2958 et
1602 2928 1698 2957 Bern.
1724 2928 1765 2956 K.
1813 2945 1854 2948 „-
1904 2937 1979 2957 con-

150 2986 319 3014 terminata
345 2985 510 3014 luchaniae
534 2986 564 3013 b.
598 2985 710 3015 nidum
736 2986 774 3015 ob
800 2986 860 3015 hoc
884 2985 990 3028 A-sbR.
1022 2986 1092 3015 rell.
1119 2986 1157 3015 ob
1183 2986 1242 3015 hoc
1266 2986 1334 3014 nid.
1388 2986 1443 3024 10)
1470 2984 1598 3014 condita
1623 2984 1662 3013 A.
1714 2983 1770 3022 11)
1797 2984 1863 3012 arb.
1888 2982 1982 3012 solent

153 3039 188 3070 C.
242 3042 295 3079 12)
323 3041 479 3070 Bantinos
505 3041 550 3083 Λγ
577 3042 643 3079 (uel
669 3043 868 3077 cubantiuos,
894 3041 933 3071 cf.
961 3042 1028 3071 cod.
1045 3041 1244 3079 'r11rio.)bR,
1270 3045 1303 3070 ut
1331 3050 1438 3070 omnes
1464 3040 1529 3069 fore
1556 3041 1647 3069 codd.
1673 3039 1762 3076 Hor„
1797 3039 1871 3069 Asc.
1898 3041 1976 3069 ban-

150 3096 251 3126 tltinos
276 3107 305 3125 v.
332 3097 481 3125 bantinus
508 3107 530 3126 r.
557 3098 685 3127 batinos
710 3098 756 3126 fh.
782 3097 910 3127 baulbia
934 3107 994 3140 γ,ν.
1020 3098 1153 3127 bauthin
1184 3099 1209 3126 1.
1237 3098 1343 3126 bavtia
1370 3107 1393 3125 r.
1420 3098 1527 3126 balina
1552 3097 1598 3125 fh.
1627 3096 1696 3125 rell.
1723 3096 1841 3125 bawtia.
1868 3105 1928 3125 om.
1947 3097 1978 3125 b.

150 3171 191 3173 —
226 3153 353 3190 apuliae
373 3152 441 3190 filit
472 3153 549 3194 Ayb.
591 3154 660 3183 rell.
687 3158 729 3183 est
754 3155 893 3192 apuliae.
936 3154 1167 3184 conterminata
1200 3154 1229 3182 1).
1268 3154 1306 3182 cs.
1334 3153 1431 3182 schol.
1459 3152 1604 3190 praeced.
1646 3151 1798 3181 uenusz'ae
1822 3152 1852 3182 b.
1894 3153 1977 3182 subi.

148 3212 218 3238 sunt
240 3208 309 3238 siue
334 3208 395 3238 uic.
420 3212 495 3238 sunt
520 3218 545 3238 r.
