2283 3535
314 139 413 181 XX
897 153 1134 186 ADDENDA
1157 154 1218 187 ET
1244 154 1564 188 CORRIGENDA.
1851 182 1867 193 .

450 276 622 319 0111111110
652 276 864 334 ignorant,
896 278 949 320 ad
980 293 1109 320 unum
1131 293 1275 322 omnes
1305 279 1405 321 libri
1426 285 1605 332 tuentur,
1638 287 1763 336 atque
1783 281 1888 324 haec
1908 295 1975 325 res
1998 282 2145 340 singu-

448 351 550 394 laris
580 351 790 394 humanae
822 352 1075 395 curiositatis
1105 366 1158 394 ne
1187 367 1317 394 unum
1349 353 1520 408 quidem
1557 355 1761 397 editorem
1798 355 1974 397 offendit
2008 370 2146 412 neque

450 425 574 466 etiam
604 425 793 467 uirorum
824 426 1059 468 anatomiae
1091 426 1322 481 peritorum
1343 427 1411 468 uel
1439 428 1776 471 adtentissimum
1797 443 1942 470 eorum
1963 428 2148 471 adtraxit

450 498 658 548 animum,
705 500 776 554 qui
819 500 956 541 lexica
994 508 1034 540 et
1073 499 1346 541 uocabularia
1383 501 1568 543 maxima
1604 501 1811 557 religione
1849 509 1889 543 et
1925 502 2147 559 diligentia

451 572 698 614 conficiunt:
737 587 902 623 omnes,
951 573 1138 628 exceptis
1174 573 1227 615 iis
1264 573 1441 625 scilicet,
1487 575 1560 630 qui
1598 574 1939 631 Porphyrionem
1975 576 2147 618 omnino

450 645 740 703 neglexerunt,
787 654 856 688 aut
902 645 1107 688 librorum
1150 647 1397 689 auctoritate
1444 649 1556 704 capti
1603 656 1674 690 aut
1704 649 1865 704 pudore
1897 657 1937 691 et
1973 649 2147 692 horrore

452 720 635 775 quodam
674 735 698 761 a
743 720 937 776 turpibus
982 727 1022 761 et
1059 720 1194 762 foedis
1231 721 1357 763 rebus
1400 722 1610 773 uenereis,
1658 722 1810 778 quibus
1852 723 1932 765 hoc
1978 737 2147 765 carmen

450 793 651 844 abundat,
683 793 834 835 deflexi
871 800 911 834 et
949 794 1068 849 quasi
1099 794 1289 836 deterriti
1318 795 1446 837 fuisse
1477 795 1685 838 uidentur.
1745 795 2001 838 Emendatio
2031 810 2145 838 mea:

449 869 594 909 Penem
631 882 721 924 pro
764 869 966 923 inyuz'ne
1012 876 1093 911 tam
1137 869 1318 911 mulieris
1362 883 1478 926 quam
1519 871 1605 911 uiri
1640 871 1780 926 posuit
1823 884 1989 912 omnem
2037 869 2147 911 diffi-

450 941 646 983 cultatem
685 941 884 983 dirimere
921 941 1107 993 uidetur‚
1147 949 1187 983 et
1225 943 1285 984 rei
1322 949 1362 984 61
1401 943 1602 998 loquendi
1638 943 1732 985 usui
1764 943 2036 985 satisfaciens.
2096 943 2148 984 In

449 1015 790 1058 adnotationibus
811 1022 950 1058 tacere
973 1023 1141 1058 coactus
1162 1031 1290 1067 eram,
1322 1017 1572 1058 testimoniis
1595 1017 1755 1058 cunctis
1777 1016 2146 1069 consentientibus,

451 1089 754 1131 correctionem
792 1096 952 1131 tantum
989 1105 1148 1141 meam,
1188 1105 1239 1131 ne
1272 1090 1524 1145 quibusdam
1556 1104 1667 1141 rem,
1705 1098 1750 1131 ut
1779 1090 1832 1132 ab
1864 1091 1958 1133 aliis
1988 1092 2145 1134 factum

450 1169 522 1213 est,
555 1163 733 1205 euitasse
764 1163 832 1205 uel
862 1164 1100 1220 neglexisse
1131 1164 1313 1214 uiderer,
1344 1164 1465 1205 uncis
1496 1163 1728 1205 includens.

312 1248 355 1293 p.
386 1237 466 1279 512
498 1250 547 1281 u.
582 1238 632 1278 18
665 1245 703 1278 01
734 1252 775 1292 p.
807 1239 888 1279 518
929 1253 967 1278 u.
1002 1239 1051 1278 11
1086 1238 1139 1278 ad
1169 1237 1298 1288 XVI,
1338 1239 1404 1279 36.
1436 1239 1503 1279 37.
1535 1237 1689 1280 omissa
1719 1243 1815 1279 sunt
1843 1239 1992 1280 scholia
2023 1254 2074 1280 ex
2102 1254 2146 1293 γε

451 1318 499 1352 ‘et
530 1326 674 1367 expers
714 1313 778 1353 uel
817 1327 958 1368 exspes
995 1312 1038 1367 (l
1072 1312 1146 1367 m.)
1185 1312 1211 1352 i.
1254 1318 1323 1353 aut
1361 1325 1506 1353 omnes
1543 1326 1687 1353 eamus
1718 1318 1789 1353 aut
1818 1326 1916 1366 pars
1949 1326 2055 1368 quae
2086 1319 2150 1354 est

450 1384 624 1426 indocili
667 1399 798 1441 grege
846 1385 995 1427 melior
1034 1385 1060 1426 i.
1100 1385 1406 1440 prudentiores.
1448 1386 1577 1427 mollis
1615 1392 1753 1427 autem
1785 1400 1888 1442 pars
1927 1393 1967 1427 et
2004 1401 2148 1443 expers

450 1458 625 1500 rationis
663 1459 755 1500 1000
793 1458 971 1500 resistat.
1012 1467 1051 1499 et
1089 1474 1231 1515 expers
1263 1459 1417 1501 dicitur
1447 1459 1536 1501 sine
1568 1465 1698 1515 parte.
1732 1468 1770 1501 et
1802 1475 1920 1516 expes
1952 1460 2042 1501 sine
2073 1474 2148 1516 spe

451 1539 491 1573 et
522 1533 642 1574 exlex
674 1532 763 1574 sine
794 1532 900 1588 lege.
963 1534 1116 1574 Eamus
1148 1548 1251 1575 omn.
1274 1534 1353 1575 hoc
1375 1533 1478 1575 dicit
1498 1541 1635 1574 autem
1659 1533 1703 1588 (l.
1727 1535 1817 1588 aut)
1839 1533 1975 1575 omnis
1998 1533 2148 1575 ciuitas

447 1605 776 1660 proficiscamur.
815 1612 886 1647 aut
926 1621 1024 1662 pars
1062 1621 1168 1661 quae
1213 1614 1274 1649 est
1318 1606 1467 1648 melior
1514 1607 1656 1662 uulgo.
1728 1607 1909 1649 Indocz'li.
1952 1607 2148 1650 indocilis

449 1679 562 1720 enim
599 1687 689 1721 erat
728 1694 828 1735 pars
867 1679 939 1720 illa
980 1686 1019 1721 61
1056 1680 1253 1736 imperita
1294 1695 1400 1736 quae
1441 1681 1510 1722 hic
1541 1680 1787 1723 remanebit.
1820 1690 2021 1724 execrata.
2053 1696 2148 1723 cum

450 1753 625 1795 execrati
661 1753 864 1795 fuerimus
904 1754 1015 1796 hanc
1055 1754 1280 1796 ciuitatem.
1320 1756 1474 1797 melior.
1514 1755 1661 1797 maior.
1702 1770 1833 1811 qreqe.
1867 1770 1945 1811 pro
1976 1755 2145 1812 populo.

448 1828 581 1869 mollis
614 1835 647 1869 et
676 1842 834 1884 expers.
859 1842 941 1883 quo
973 1829 1067 1883 (qui
1093 1828 1161 1869 uel
1192 1829 1346 1884 quodP)
1378 1835 1440 1870 est
1470 1829 1580 1871 iners
1610 1836 1651 1870 et
1670 1830 1757 1871 sine
1779 1845 1846 1886 spe
1868 1836 2084 1871 remaneat
2103 1829 2147 1871 in

449 1901 643 1943 ciuitate?
677 1901 800 1958 (ergo
832 1917 952 1959 expes
983 1903 1050 1944 uel
1079 1917 1220 1959 exspes
1250 1902 1452 1946 uetustior
1483 1910 1544 1945 est
1574 1903 1730 1959 lectio).
