2283 3535
634 206 867 238 ADDENDA
892 206 952 238 ET
978 206 1294 239 CORRIGENDA.
1695 193 1881 236 XXVII

57 338 103 373 ut
133 330 398 373 exsecrabilis
428 336 467 370 et
498 328 725 378 execratio,
758 328 915 370 inlustr.
948 336 984 369 et
1018 329 1184 379 illustr„
1218 330 1362 371 literae
1394 335 1433 370 et
1463 329 1624 371 litterae
1655 334 1745 378 cte„
1778 328 1882 370 falsa

61 404 299 445 distributio
321 404 549 452 literarum,
582 402 827 457 praesertim
850 402 891 442 in
914 402 1089 444 transitu
1121 402 1174 442 ad
1196 417 1325 444 nouos
1346 416 1504 452 uersus,
1536 409 1580 443 ut
1601 416 1688 457 pug
1706 425 1723 432 -
1740 401 1882 450 nandi,

64 491 199 532 mag-
218 491 293 517 nas
325 483 361 516 et
393 476 475 516 alia
505 475 547 515 id
579 489 722 530 genus.

143 548 235 590 NB.
270 550 305 589 1.
328 547 391 589 Ne
414 548 505 602 plus
527 547 731 601 citiusque
753 561 886 600 aequo
908 562 932 588 a
953 548 1164 588 ueteribus
1181 546 1349 588 Horatii
1367 546 1664 600 interpretibus
1685 546 1885 587 barbarus

62 624 240 677 yetiele'vce'
267 621 378 666 sue·
406 637 502 662 usus
530 636 606 675 pro
637 635 711 661 sua
744 620 1018 670 abiudicetur,
1051 620 1207 675 quippe
1239 620 1449 661 ueteribus
1480 619 1600 660 libris
1630 619 1800 660 omnino
1821 625 1885 659 tu-

60 704 125 736 tus
165 695 282 749 (uide
300 697 500 736 Acronem
534 694 587 734 ad
619 693 652 743 Ι,
684 694 723 743 3,
756 695 821 734 20.
855 695 919 734 24.
952 693 1008 743 ΙΙ,
1043 695 1107 742 15,
1142 694 1206 734 16.
1238 692 1317 742 ΙΙΙ,
1350 695 1387 742 2,
1422 694 1484 732 17.
1516 691 1653 747 Epod.
1686 690 1745 738 X,
1779 692 1816 740 G,
1848 698 1888 730 et

71 768 388 823 I'orpleyrz'onem
425 766 477 806 ad
519 764 567 806 C.
599 765 656 815 ΙΙ,
694 768 732 814 8,
767 767 802 806 1.
834 765 914 815 ΙΙΙ,
949 768 985 813 1,
1018 769 1090 813 28ς
1125 768 1190 815 11,
1223 767 1297 813 21;
1333 767 1398 815 18,
1432 767 1453 806 1
1487 768 1596 821 etc),
1629 764 1760 806 bonas
1791 776 1887 818 pre-

63 854 131 881 ces
162 840 285 880 etiam
333 846 456 893 atque
502 838 627 879 ctiam
673 853 822 893 precor
852 839 964 880 uiros
1004 839 1165 888 doctos,
1206 853 1310 892 quos
1348 838 1567 879 consilium
1604 836 1888 890 iudiciumque

66 912 220 966 raptim
252 911 534 967 praecipitare
556 912 668 952 iuuat
692 926 950 966 quorumque
972 911 1336 966 uitupemtionem,
1370 925 1475 965 quae
1505 911 1538 952 si
1561 909 1733 965 grauius
1754 908 1890 964 posita

67 984 131 1034 sit,
164 985 274 1026 seria
305 992 386 1034 est,
428 985 460 1025 si
503 985 658 1035 leuius,
698 985 897 1033 ridicula,
936 985 1099 1026 facilius
1136 984 1275 1025 subire
1311 998 1481 1039 possum
1513 998 1637 1037 quam
1668 982 1815 1031 uitare,
1846 987 1891 1022 ut

64 1057 291 1112 patientius
323 1073 347 1098 a
378 1072 443 1099 me
475 1073 521 1098 ea
553 1064 808 1113 exspectent,
841 1072 946 1113 quae
978 1057 1020 1098 in
1057 1058 1347 1113 ProleqomeMs
1370 1055 1589 1098 Volumini
1609 1054 1653 1095 ΙΙ
1685 1053 1892 1095 adiunctis

65 1131 111 1171 de
142 1145 322 1172 sermone
353 1133 523 1172 Acrone's
555 1140 589 1172 el
619 1132 909 1187 Porphyrionis
941 1130 1107 1185 prolata
1139 1137 1177 1171 et
1209 1130 1420 1184 disputata
1451 1136 1556 1170 sunt.

149 1201 240 1243 NB.
275 1205 312 1244 2.
345 1202 416 1243 Ad
447 1218 544 1259 pag.
577 1205 655 1244 511
690 1218 728 1243 u.
763 1205 827 1243 17.
859 1202 997 1258 Epod.
1028 1202 1156 1253 XVI,
1200 1205 1237 1244 7.
1275 1202 1371 1244 Viri
1410 1202 1535 1252 docti,
1578 1201 1649 1255 qui
1686 1199 1893 1256 philologi

64 1283 281 1326 uocantur,
314 1291 423 1317 anno
458 1277 564 1317 1863
586 1275 771 1317 Misniae
804 1276 1050 1330 congregati
1082 1276 1133 1315 de
1156 1276 1342 1317 caerulea
1366 1274 1607 1316 Germaniae
1620 1274 1727 1330 pube
1748 1272 1893 1327 dispu-

65 1355 206 1388 tarunt
242 1363 335 1389 eum
376 1355 505 1389 totam
546 1348 721 1390 Acronr's
758 1347 1062 1402 expositionem
1093 1355 1179 1389 tum
1211 1350 1411 1403 ste'yntatos
1442 1349 1578 1389 oculos
1608 1346 1894 1402 neglegentes.

67 1420 183 1473 Quid
205 1421 285 1462 sint
308 1421 493 1476 stigmati
515 1421 636 1469 oculi,
674 1421 880 1474 interpres
901 1435 985 1461 non
1006 1420 1119 1461 dicit.
1180 1420 1392 1462 Videntur
1412 1426 1551 1461 autem
1572 1419 1800 1475 palpebrae
1830 1419 1895 1460 in-

65 1494 328 1550 tellegendae
359 1508 448 1535 esse
480 1493 671 1535 caeruleo
703 1493 840 1534 colore
872 1493 1009 1547 pictae
1040 1501 1080 1534 et
1118 1494 1227 1535 notis
1266 1493 1390 1534 etiam
1432 1493 1714 1548 persignatae,
1747 1492 1898 1547 quibus

66 1566 260 1608 horridus
290 1566 415 1622 pubis
446 1566 668 1622 adspectus
700 1581 748 1608 eo
782 1566 1010 1608 terribilior
1046 1568 1175 1608 fieret.
1235 1566 1353 1622 Ergo
1392 1574 1436 1608 ut
1472 1566 1675 1608 maiorem
1720 1566 1783 1607 sui
1813 1572 1897 1606 ter-

66 1654 204 1682 rorem
225 1640 393 1690 faceret‚
426 1639 642 1682 Germana
673 1639 807 1695 pubes
838 1640 993 1690 oculos,
1025 1640 1069 1681 id
1100 1647 1173 1690 est,
1205 1639 1434 1695 palpebras
1465 1646 1504 1681 et
1527 1639 1752 1695 supercilia
1773 1645 1898 1694 atque

68 1720 203 1755 cutem
233 1713 430 1764 uicinam,
471 1714 699 1770 stigmauit‚
744 1729 828 1755 non
858 1728 971 1763 uero,
1020 1711 1191 1755 Acrone
1232 1713 1401 1768 quidem
1432 1719 1548 1763 teste,
1579 1719 1708 1755 totam
1746 1712 1899 1754 faeiem

67 1786 135 1828 uel
182 1793 310 1828 totam
355 1793 504 1837 eutem,
550 1794 593 1828 ut
643 1789 836 1830 Le'nlcerus
878 1787 938 1828 ibi
982 1786 1283 1841 pronuntiauit,
1329 1786 1547 1828 conferens
1591 1787 1746 1828 uirides
1793 1786 1900 1827 Bri-

70 1867 211 1901 tannos
243 1857 364 1901 Caes.
396 1859 445 1901 B.
479 1858 532 1901 G.
563 1859 617 1910 V,
651 1862 715 1901 14.
765 1860 936 1902 Videsis
965 1858 1073 1901 Nou.
1113 1859 1228 1900 Ann.
1268 1857 1369 1901 Chr.
1400 1858 1539 1901 Iahnii
1572 1859 1694 1900 1864.
1726 1857 1827 1909 XC,
1859 1860 1898 1908 2,

67 1947 110 1989 p.
141 1933 207 1975 93.

152 2005 245 2047 ΝΒ.
277 2006 315 2047 3.
346 2005 438 2047 Iam
470 2014 640 2062 peracto
671 2021 797 2062 opere
820 2007 1149 2061 Hirschfelderus
1178 2019 1295 2047 meus
1325 2019 1401 2061 per
1427 2004 1583 2047 bonam
1613 2005 1793 2061 gratiam
1825 2006 1899 2046 ad-

70 2079 162 2121 tulit
199 2079 495 2121 nonnullorum
532 2095 635 2135 quos
671 2080 841 2121 laudaui
882 2080 1068 2121 locorum
1111 2085 1149 2120 et
1186 2078 1525 2120 constitutionem
1556 2078 1617 2133 (p.
1660 2078 1740 2120 233
1771 2093 1810 2119 u.
1854 2079 1899 2119 6:

73 2151 242 2194 Sallust.
275 2151 367 2194 Cat.
399 2152 531 2203 XIX,
565 2156 588 2194 2
620 2160 658 2194 et
689 2168 729 2207 p.
762 2153 842 2194 327
873 2168 913 2194 u.
946 2154 989 2194 8:
1021 2152 1183 2194 Lucan.
1215 2151 1364 2193 Phars.
1386 2151 1431 2201 V,
1454 2152 1556 2193 403:
1590 2158 1630 2193 et
1651 2166 1757 2206 quae
1778 2151 1902 2207 piger

72 2224 242 2281 Apulus
274 2241 378 2267 arua
410 2225 611 2267 Deseruit
640 2226 806 2281 rastris)
838 2233 876 2266 et
908 2226 1208 2268 correctionem
1241 2226 1301 2281 (p.
1335 2227 1385 2266 87
1418 2240 1457 2266 u.
1490 2226 1561 2266 13:
1593 2224 1702 2266 Aen.
1734 2224 1811 2275 IV,
1846 2226 1898 2265 41

73 2314 150 2354 pro
179 2298 258 2349 IV,
290 2300 384 2340 306.
415 2314 455 2354 p.
488 2301 539 2341 89
571 2315 610 2340 u.
644 2301 716 2340 14:
749 2298 882 2355 Verg.
917 2299 968 2341 A.
1000 2298 1101 2349 VII,
1135 2301 1214 2340 227
1256 2313 1332 2352 pro
1363 2297 1412 2339 B.
1445 2297 1546 2347 VII,
1584 2299 1664 2339 227
1706 2306 1746 2339 et
1775 2313 1815 2354 p.
1847 2299 1899 2340 89

73 2388 112 2414 u.
146 2373 217 2414 16:
250 2371 300 2413 B.
332 2372 433 2422 VII,
467 2373 520 2414 60
550 2387 626 2427 pro
657 2371 707 2414 B.
739 2372 839 2422 VII,
873 2373 959 2428 70.)

187 2444 328 2500 Atque
358 2445 548 2487 hocloco
579 2460 717 2487 meum
748 2446 874 2487 etiam
903 2451 977 2496 est,
1009 2451 1151 2501 gratas
1182 2444 1351 2500 gratias,
1385 2459 1487 2499 quas
1517 2444 1703 2495 memini,
1734 2443 1903 2499 publice

77 2532 204 2573 agere
234 2525 273 2559 et
303 2526 492 2573 repetere
523 2519 652 2560 doctis
683 2519 911 2574 probisque
941 2518 1175 2560 duumuiris
1211 2518 1357 2560 Carolo
1391 2518 1623 2559 Hermanno
1655 2525 1695 2559 et
1726 2518 1902 2558 Henrz'co

78 2583 348 2647 Berynzanno,
380 2592 451 2647 qui
481 2599 576 2633 ante
606 2593 681 2634 hos
711 2592 865 2648 uiginti
886 2606 1018 2633 annos
1038 2590 1229 2632 Berolini
1258 2598 1303 2632 ut
1323 2590 1455 2632 literis
1477 2590 1659 2632 studium
1681 2590 1903 2631 adsiduum

79 2666 139 2708 sie
167 2665 271 2705 mihi
300 2679 500 2719 meaeque
530 2666 591 2706 rei
622 2680 795 2721 operam
823 2665 1037 2707 nauabant
1067 2664 1332 2714 beneuolam,
1377 2664 1421 2705 in
1453 2664 1704 2719 quaerendis
1738 2678 1903 2705 mecum

79 2737 298 2794 permultis
328 2738 578 2793 scriptorum
608 2739 661 2780 ab
692 2738 863 2781 Acrone
895 2744 935 2780 et
953 2737 1247 2793 Porphyrione
1268 2737 1531 2779 laudatorum
1551 2737 1654 2780 locis
1675 2751 1903 2792 numquam

81 2810 311 2865 defatigati.
