2170 3460
868 256 914 286 IN
942 256 1284 294 eAniL1n‚0.7.
1905 254 1985 294 293

806 457 1123 511 CARMEN
1164 459 1257 524 III,
1302 463 1345 512 7.

976 568 1165 611 AGRON.

278 669 479 724 Q‘m'dfles,
513 670 679 710 Asterie.
738 668 809 708 Ad
826 668 1022 709 Asterien
1055 670 1179 711 amici
1211 671 1273 711 sui
1305 671 1528 727 coniugem
1559 672 1703 714 scribit
1735 682 1774 714 et
1796 689 1888 716 eam
1920 692 1985 717 so-
2035 687 2052 713 ι’»

160 741 268 781 latur
300 739 438 796 Gygis
468 741 606 782 mariti
640 741 742 798 [sui]
775 741 962 783 absentia
995 751 1209 793 maestam,
1241 759 1415 785 monens
1445 752 1487 786 ut
1511 746 1715 788 custodiat
1739 748 1984 798 castitatem,

159 828 236 855 nec
267 813 436 855 alterius
467 814 746 856 adulescentis
778 814 993 855 blanditiis
1024 823 1092 856 aut
1124 816 1264 870 specie
1296 818 1499 872 capiatur,
1531 819 1629 860 dum
1662 820 1857 861 maritum
1889 837 1983 876 spe—

159 901 252 928 rare
283 886 430 928 debeat
462 887 599 942 primo
636 902 734 929 uere
772 888 1014 929 rediturum.
1090 887 1210 930 Ordo
1243 898 1322 930 est:
1369 890 1550 942 Asterie,
1584 893 1684 946 quid
1714 894 1788 935 fles
1830 892 1985 949 Gygen

159 960 352 1002 iuuenem
384 965 608 1003 constantis
638 962 749 1011 fidei,
792 977 914 1017 quem
948 962 1163 1003 restituent
1195 962 1270 1003 tibi
1308 963 1445 1018 primo
1476 979 1573 1006 uere
1606 967 1775 1007 candidi
1805 966 1986 1009 Fauonii

158 1033 326 1075 beatum
359 1034 511 1090 Thyna
541 1038 706 1077 merce?

272 1109 308 1148 2.
340 1123 454 1164 quem.
486 1117 509 1150 1.
542 1109 704 1150 candide·
734 1110 802 1150 Pr.
835 1123 866 1149 r.
899 1124 989 1150 rere
1027 1110 1201 1150 Favonii.
1277 1107 1441 1160 Sereni,
1481 1113 1685 1167 prosperi.
1760 1113 1843 1155 Iste
1876 1115 1986 1155 enim

158 1187 306 1222 uentus
335 1196 466 1224 uerno
498 1190 685 1237 tempore
716 1182 975 1237 frequentius
1004 1182 1087 1223 flat.

271 1256 308 1295 3.
344 1256 485 1311 leyna
517 1271 652 1297 merce.
697 1255 933 1311 [Bithyna]
976 1253 1163 1307 Quidam
1197 1255 1347 1312 [enim]
1380 1257 1525 1298 uolunt
1559 1258 1742 1315 Thynam
1774 1261 1985 1302 ciuitatem

157 1326 341 1368 uicinam
372 1327 598 1384 Bithyniae
630 1329 785 1370 dictam
807 1328 943 1369 Ponto
976 1329 1202 1378 confinem3
1237 1328 1422 1381 Quidam
1454 1331 1648 1387 thymum
1669 1333 1828 1388 piscem
1850 1335 1986 1389 magis

158 1400 486 1457 intellegendum
518 1402 705 1443 suadent.

270 1474 306 1515 6.
340 1476 452 1516 notis.
512 1475 630 1517 Notos
662 1489 737 1529 pro
769 1473 1026 1529 quibuslibet
1056 1474 1193 1516 uentis
1224 1476 1375 1530 posuit.

269 1548 323 1588 ad
353 1548 533 1590 Oricum.
604 1546 767 1590 Ciuitas
799 1545 990 1598 Ciliciae,
1036 1556 1081 1589 ut
1112 1547 1187 1603 (A.
1220 1548 1280 1599 X,
1315 1550 1439 1606 136):
1487 1552 1571 1593 Aut
1603 1553 1741 1594 Oricia
1772 1554 1987 1596 terebintho

159 1620 281 1662 Lucet
311 1621 417 1662 ebur.

271 1696 307 1735 6.
335 1702 425 1750 post
455 1697 478 1736 ι’.
511 1711 542 1737 e.
575 1711 604 1736 s.
678 1694 853 1735 Haedos
883 1694 1050 1735 uidetur
1081 1695 1342 1750 significare,
1390 1713 1567 1752 quorum
1598 1706 1712 1742 ortus
1744 1708 1784 1741 et
1814 1715 1987 1743 occasus

157 1767 367 1808 concitant
396 1774 675 1823 tempestates,
709 1768 760 1808 de
791 1767 943 1822 quibus
982 1769 1092 1823 I'ery.
1124 1767 1197 1823 (A.
1220 1768 1304 1820 IX,
1328 1770 1450 1826 668>2
1476 1773 1733 1828 plum'alibus
1751 1775 1915 1827 Haedis,
1948 1782 1987 1816 et

157 1840 257 1882 alibi
290 1839 366 1892 (G.
397 1841 432 1892 Ι,
466 1842 589 1897 205);
624 1843 936 1898 Haedorumque
967 1842 1049 1884 dies
1079 1843 1288 1885 seruandi.

268 2007 428 2038 ACRON.
477 2009 529 2038 Ad
554 2008 704 2039 Asterien
732 2009 843 2047 (inser.
871 2008 967 2047 Hor.)
993 2008 1034 2044 A,
1061 2013 1097 2037 ut
1122 2009 1163 2037 K.
1212 2009 1265 2038 Ad
1290 2011 1437 2040 asteriem
1461 2013 1497 2047 b,
1524 2017 1559 2042 ut
1585 2014 1625 2042 H.
1676 2014 1870 2045 Consolatur
1894 2017 1984 2053 puel-

156 2064 219 2094 lam
243 2064 337 2094 Bern.
364 2065 401 2093 B.
450 2065 615 2095 Asterium
641 2075 725 2095 cons.
753 2066 792 2094 de
817 2066 965 2102 coniugis
991 2065 1153 2094 desiderio
1188 2066 1228 2094 D.
1277 2066 1438 2097 Asteriam
1462 2071 1646 2100 consolatur
1672 2071 1838 2102 dolentem
1864 2073 1903 2102 de
1929 2074 1984 2102 ab·

156 2122 260 2150 sentia
286 2121 418 2160 coninyis
443 2121 478 2150 P.
526 2122 631 2151 Rubra
657 2123 753 2151 inser.
781 2123 814 2150 in
840 2122 885 2150 E:
911 2121 980 2150 VII.
1029 2122 1098 2151 Hac
1123 2122 1183 2152 ode
1209 2124 1395 2153 consolatur
1420 2127 1571 2155 asteriam
1598 2127 1637 2156 <le
1663 2129 1812 2157 absencia
1836 2128 1900 2157 uiri
1924 2130 1983 2158 sui.

158 2178 317 2215 simulque
350 2182 455 2206 monet
493 2187 531 2206 ne
565 2178 698 2208 alterius
733 2179 839 2216 specie
865 2178 1056 2215 decipiatur.
1106 2179 1217 2208 eadem
1243 2180 1276 2208 in
1301 2180 1327 2208 Β
1357 2180 1531 2223 (absentia)
1562 2187 1593 2212 et
1618 2192 1658 2226 φ,
1700 2186 1754 2222 qui
1782 2189 1927 2214 extrema
1953 2195 1984 2214 u.

157 2234 220 2262 sie:
247 2235 353 2271 specie
376 2234 425 2263 uel
448 2234 603 2264 blanditiis
627 2235 776 2273 capiatur.
826 2235 922 2264 Bern.
951 2234 994 2264 C:
1022 2234 1215 2265 Consolatur
1240 2237 1394 2266 asteriam
1420 2256 1462 2258 —
1489 2240 1596 2276 specie
1621 2240 1811 2278 decipiatur.
1853 2241 1983 2271 Consol.

155 2291 295 2327 puellam
322 2291 360 2319 de
385 2290 517 2330 conz'uyz's
543 2292 592 2321 sui
619 2292 780 2321 desiderio
807 2292 967 2329 simulque
993 2291 1070 2329 (om.
1096 2293 1221 2331 monet)
1246 2302 1303 2322 nee
1328 2294 1462 2324 alterius
1488 2297 1589 2333 spetie
1624 2301 1675 2326 ant
1701 2298 1871 2327 blanditiis
1898 2299 1983 2336 capi-

156 2351 239 2376 atur.
272 2347 408 2385 Franeq.

269 2404 303 2443 5)
329 2404 475 2433 Asterien
499 2405 610 2445 Aybff.
637 2406 782 2434 asten-iem
806 2405 884 2442 R2,r
911 2405 962 2443 (in
988 2405 1198 2443 inscriptione
1223 2405 1274 2435 Ad
1299 2406 1472 2446 Asterien).
1515 2409 1598 2437 coni.
1625 2418 1686 2438 am.
1713 2411 1762 2439 sui
1790 2412 1818 2439 2.
1857 2427 1894 2430 —
1935 2412 1984 2439 sui

155 2470 216 2489 om.
244 2459 323 2501 Αγῐ).
361 2464 450 2490 mest.
476 2460 538 2490 Ab.
577 2468 685 2491 maest.
711 2472 740 2491 v.
767 2463 836 2491 rell.
863 2466 971 2491 moest.
1038 2462 1072 2500 7)
1099 2472 1135 2491 ne
1161 2462 1217 2491 alt.
1244 2463 1274 2491 b.
1317 2463 1402 2492 adul.
1428 2463 1486 2505 Αγ.
1527 2464 1665 2495 blandic.
1691 2467 1740 2508 γΙ).
1784 2467 1874 2495 debet
1897 2476 1982 2496 omn.

155 2517 230 2545 libri
256 2520 285 2545 et
311 2516 345 2545 C.
386 2516 522 2547 Acronis
549 2528 615 2547 mos
642 2519 770 2548 dicendi
800 2523 858 2548 est.
901 2519 1014 2548 debeat
1043 2517 1081 2553 Q.
1146 2519 1181 2557 8)
1208 2528 1283 2548 uere
1307 2519 1426 2548 restitui
1451 2521 1480 2549 2.
1525 2520 1611 2553 Ordo
1628 2538 1667 2543 ——
1686 2523 1814 2552 beatum
1848 2533 1909 2552 om.
1944 2524 1984 2552 A.

157 2572 191 2610 9)
219 2573 401 2602 restituerit
426 2574 455 2602 b.
484 2573 592 2603 fanoni
617 2575 647 2604 b.
673 2576 803 2604 beatum
828 2575 920 2604 thina
945 2584 1049 2604 merce
1073 2575 1151 2616 be.
1184 2576 1254 2604 rell.
1281 2577 1387 2615 thyncc
1412 2587 1472 2606 me.
1500 2578 1529 2606 b.
1561 2579 1650 2616 tyria
1677 2580 1707 2608 2.
1760 2580 1815 2618 ll)
1843 2580 1911 2617 ipse
1937 2580 1986 2621 Αγ

155 2629 242 2665 R,rv.
285 2630 383 2658 schol.
411 2640 471 2659 om.
498 2631 528 2659 b.
567 2631 627 2660 iste
652 2631 718 2660 afh.
759 2631 894 2661 Fauonii
920 2641 1058 2670 namque
1084 2633 1187 2670 primo
1220 2641 1294 2661 uere
1320 2633 1435 2662 leniter
1471 2634 1547 2663 flare
1579 2635 1739 2672 incipiunt
1758 2659 1764 2671 ⁷
1801 2639 1983 2674 terramque

157 2685 291 2715 soluere.
311 2684 349 2715 C.
402 2686 457 2724 13)
492 2685 581 2715 thina
605 2687 645 2716 A.
678 2688 709 2716 in
733 2688 849 2725 lemur,
878 2688 993 2726 (tinam
1019 2689 1051 2718 in
1077 2689 1194 2727 schol.)
1221 2690 1260 2725 b,
1287 2693 1323 2719 ut
1347 2690 1447 2733 BeD,
1476 2695 1555 2730 tyna
1579 2701 1605 2732 γ.
1648 2691 1792 2730 Bithyna
1819 2702 1878 2721 om.
1904 2692 1984 2733 Ayb.

155 2742 264 2779 glossa
290 2751 332 2771 ex
357 2743 425 2772 sch.
451 2743 562 2780 petita.
605 2744 747 2772 bithinia
772 2744 807 2781 R,
835 2745 987 2784 bithynia
1011 2755 1058 2774 Π.
1085 2746 1154 2774 rell.
1179 2746 1329 2785 bithyna.
1372 2748 1457 2776 enim
1484 2757 1543 2777 om.
1570 2747 1673 2789 A7b2.
1723 2765 1765 2768 ἡκ
1813 2749 1916 2777 tinam
1942 2748 1983 2777 A.

155 2802 266 2836 tynam
291 2807 351 2839 lw-
379 2798 496 2828 Utinam
521 2800 580 2835 b,r.
607 2803 727 2838 tymam
753 2801 782 2828 2.
810 2801 879 2830 rell.
906 2803 1052 2841 thynam.
1084 2803 1248 2832 bithiniae
1266 2803 1295 2832 b.
1349 2804 1403 2842 14)
1431 2803 1549 2833 cinnum
1575 2803 1630 2845 Αγ.
1658 2808 1768 2833 tomum
1793 2805 1823 2833 b.
1850 2805 1985 2834 thimum

154 2853 190 2882 R.
227 2855 369 2893 thymum
395 2856 425 2884 ’2.
464 2856 621 2894 thymium
646 2865 670 2884 r.
708 2860 843 2895 tynnum
873 2859 933 2894 1,v.
976 2859 1055 2887 suad
1081 2856 1109 2887 ἃ
1136 2860 1165 2888 b.
1207 2859 1361 2896 Pontica,
1388 2860 1549 2899 Bithyna:
1591 2861 1698 2899 Thyni
1724 2870 1859 2899 namque
1886 2866 1983 2898 ponto

155 2911 308 2947 confines,
335 2911 491 2950 Bithynis
518 2916 591 2941 sunt
617 2913 735 2949 uicini,
770 2923 848 2950 quos
875 2915 1005 2951 quidam
1032 2916 1078 2944 sic
1105 2916 1282 2946 nominatos
1307 2917 1422 2946 uolunt
1449 2927 1466 2945 a
1491 2917 1605 2956 Thyno
1632 2918 1737 2955 pisce,
1781 2918 1835 2955 qui
1862 2927 1897 2947 eo
1922 2919 1984 2947 loci

156 2968 277 2996 multus
302 2969 372 3006 capi
398 2969 480 2998 solet
505 2968 540 2998 C.
578 2969 659 2998 thina
684 2979 779 2999 merce
803 2970 927 3000 beatum.
968 2972 1001 3001 id
1035 2977 1082 3002 est
1113 2973 1247 3002 diuitem
1281 2973 1406 3002 diuitiis
1432 2974 1568 3011 repertis
1595 2975 1627 3002 in
1653 2973 1715 3003 tina
1741 2984 1823 3012 quae
1848 2978 1878 3003 et
1905 2984 1984 3012 gens

155 3024 291 3053 confinis
316 3029 414 3062 ponto
441 3026 523 3055 sieut
557 3030 588 3055 et
619 3027 763 3056 bithinia
788 3027 881 3070 ΒφΕ.
935 3029 990 3067 19)
1019 3029 1120 3059 nothis
1146 3030 1232 3065 1212,
1258 3033 1294 3058 ut
1319 3029 1414 3072 BtpD.
1441 3029 1537 3059 Bern.
1564 3030 1653 3059 KAB
1680 3031 1770 3062 Fran,
1799 3032 1838 3060 al.
1873 3032 1983 3061 nothis

156 3079 183 3107 A
210 3079 247 3117 (h
273 3090 290 3109 a
315 3082 332 3109 ‘2
360 3082 432 3119 m.).
460 3081 492 3111 cf
525 3082 549 3119 I⁷
578 3084 607 3118 7,
637 3083 687 3112 16.
729 3083 844 3112 (iritum
864 3102 901 3104 —
922 3086 1015 3114 oridia
1039 3096 1070 3114 v.
1105 3085 1219 3114 orithia
1244 3085 1279 3113 R.
1306 3086 1373 3114 rell.
1400 3085 1506 3115 Oricia.
1540 3086 1679 3124 Vergilii
1706 3087 1779 3116 libri
1806 3088 1887 3125 plur.
1914 3097 1983 3125 ory-

156 3135 212 3163 cia.
264 3136 298 3174 3)
325 3141 359 3166 ut
386 3147 446 3167 om.
473 3137 518 3166 fh.
559 3138 677 3168 ciliciae
702 3149 727 3180 γ.
768 3139 910 3170 εσίΙὶρίῆθ
936 3140 973 3170 G.
1013 3142 1173 3171 terebinto
1197 3141 1234 3169 A.
1261 3141 1437 3170 therebinto
1462 3152 1486 3170 r.
1528 3141 1628 3172 Lucet
1655 3143 1732 3172 ebur
1747 3143 1804 3184 Αγ.
1829 3143 1899 3172 rell.
1920 3153 1980 3173 om.

156 3191 228 3220 hed.
254 3192 335 3234 Ayb.
389 3211 431 3215 —
477 3197 564 3224 ortus
589 3198 686 3233 temp.
713 3197 809 3225 etiam
842 3198 983 3227 concitat
1018 3199 1054 3233 2,
1095 3208 1156 3227 om.
1182 3202 1208 3226 et
1232 3206 1364 3226 occ-asne.
1391 3201 1448 3227 ort.
1477 3202 1509 3227 et
1533 3208 1596 3228 oce.
1623 3200 1761 3230 concitat
1783 3199 1980 3241 Ay,rmvafh.

157 3247 316 3278 concitant
340 3248 375 3278 R.
401 3249 442 3278 ad
467 3250 525 3280 loc.
556 3251 582 3279 1.
609 3250 702 3290 Verg.
729 3252 770 3282 cf.
797 3252 885 3283 Seru.
913 3253 950 3283 G.
977 3254 1000 3289 Ι,
1027 3254 1101 3283 205.
1128 3254 1167 3283 ad
1195 3254 1222 3283 2.
1255 3254 1378 3284 Probus
1403 3253 1550 3292 XXXVI,
1580 3256 1629 3285 19.

2017 1053 2024 1082 1
2035 1052 2053 1081 (⁷)

2015 1419 2051 1448 15

2014 1786 2054 1816 20
