2283 3535
293 1031 330 1062 10

292 1401 331 1431 15

354 226 438 266 410
991 236 1096 270 ΑΘΒ.
1122 236 1183 267 ET
1208 235 1376 267 PORPH.
1410 234 1557 267 ooMM.

471 361 508 400 7.
541 359 614 400 hic.
675 356 850 413 Scopas.

469 433 546 473 ille.
606 429 871 474 Parrhasius.

467 507 505 548 8.
537 506 686 547 sollers.
746 505 914 547 Peritus
945 506 1118 561 fingere.

468 580 505 621 8.
533 594 694 636 ponere.
755 578 929 629 Facere,
961 580 1156 628 formare,
1188 593 1440 633 componere
1470 584 1513 619 ut
1546 578 1619 633 (A.
1652 576 1729 627 VI,
1753 577 1846 632 2Ο);
1873 578 2084 632 posuitque
2113 578 2183 618 in-

355 654 496 695 mania
529 654 670 709 templa
702 653 750 694 In
777 653 935 707 foribus
969 653 1087 693 letum.
1120 653 1345 707 Androqeo.

469 728 504 768 9.
537 728 607 768 sed
636 741 716 768 non
748 726 784 766 h.
816 741 865 766 m.
897 741 935 767 u.
996 725 1256 766 Diuitiarum
1289 725 1460 767 scilicet.

469 801 534 841 10.
567 808 639 841 αυτ
668 815 704 840 a..
737 800 846 841 (lelio.
881 815 937 853 ey.
1012 798 1100 840 Hie
1131 805 1192 841 est
1222 813 1385 840 sensus:
1431 797 1522 839 Nec
1559 812 1638 853 ego
1678 797 1778 838 talia
1814 796 1963 852 largiri
2003 811 2187 852 possum,

354 888 432 915 nec
463 874 498 914 si
528 887 709 928 possem,
754 881 799 914 tu
830 888 878 914 ea
911 873 1186 923 desiderares,
1222 880 1266 914 ut
1297 872 1369 927 qui
1400 871 1587 913 carmina
1627 870 1786 912 diuitiis
1831 869 2064 927 [omnibus]
2103 885 2188 911 an-

357 948 494 988 tesers.

472 1021 536 1061 12.
568 1029 605 1061 et
627 1035 695 1076 pr.
728 1021 764 1061 d.
795 1023 965 1063 muneri.
1027 1019 1167 1072 Quam
1189 1019 1419 1075 pretiosum
1442 1018 1494 1060 sit
1515 1033 1698 1069 carmen,
1735 1017 1968 1068 ostendere,
1999 1033 2084 1060 non
2105 1032 2187 1073 quo

355 1093 538 1149 pretium
570 1100 770 1148 speraret.

471 1168 536 1208 13.
567 1181 647 1208 non
678 1168 702 1207 τ’.
736 1182 774 1208 η.
808 1182 856 1208 m.
884 1182 924 1223 p.
984 1166 1269 1208 Victoriarum
1297 1166 1441 1217 titulis,
1481 1165 1632 1221 quibus
1670 1166 1857 1207 defuncti
1889 1165 2016 1208 duces
2056 1180 2190 1221 quan-

356 1241 454 1282 dam
485 1240 843 1282 immortalitatem
875 1247 1199 1295 consequuntur.

471 1315 536 1355 17.
566 1316 719 1370 impiae.
781 1312 894 1366 Quia
924 1320 987 1355 ter
1018 1314 1146 1370 gessit
1179 1313 1335 1355 bellum
1367 1321 1512 1355 contra
1543 1314 1768 1355 Romanos.

473 1389 537 1429 18.
570 1390 652 1429 eius
684 1402 714 1443 q.
749 1389 785 1429 (l.
818 1403 856 1429 η.
888 1403 924 1428 α.
959 1390 990 1429 Α
1067 1386 1307 1438 Scipionem
1338 1386 1589 1429 Africanum
1622 1387 1844 1443 significat.

472 1463 536 1503 19.
569 1462 763 1503 lucratus.
826 1460 940 1513 Quia
970 1461 1068 1502 inde
1099 1459 1329 1502 Africanus
1360 1461 1495 1503 dictus
1527 1467 1600 1511 est,
1632 1467 1676 1502 ut
1707 1461 1850 1502 salusa.
1889 1459 2012 1516 (Jug.
2034 1459 2088 1510 V,
2121 1460 2187 1515 4):

358 1536 428 1577 cui
449 1544 585 1591 postea
616 1537 816 1589 Africano
849 1550 1064 1590 coqnomen
1096 1550 1147 1576 ex
1178 1537 1324 1576 uirtute
1355 1536 1443 1588 suit.

470 1610 534 1650 20.
573 1609 769 1650 Calabrae
803 1612 844 1649 P.
905 1608 1050 1658 Facta,
1082 1608 1230 1662 inquit,
1264 1608 1471 1649 clarorum
1502 1607 1703 1658 uirorum,
1734 1607 1817 1649 nisi
1839 1606 2097 1648 carminibus
2127 1606 2193 1647 in-

356 1682 597 1732 lustrentur,
635 1682 783 1723 aetatis
814 1696 912 1723 suae
952 1681 1197 1722 memoriam
1237 1696 1319 1721 non
1356 1681 1575 1722 excedunt.
1649 1680 1704 1721 Ei
1743 1680 1954 1736 significat
1989 1679 2192 1730 Ennium,

358 1755 430 1811 qui
460 1757 570 1797 facta
600 1754 796 1797 Africani
828 1755 1064 1811 descripsit,
1096 1754 1320 1797 oriundum
1352 1755 1404 1796 de
1433 1754 1601 1796 Rodino
1633 1754 1791 1809 oppido
1821 1752 2066 1803 Calabriae3
2098 1753 2193 1796 ideo

359 1827 569 1871 Calabrae
599 1829 763 1871 Musae.

471 1904 536 1944 21.
569 1908 604 1945 si
636 1904 721 1945 eka.
754 1903 815 1944 sil.
875 1902 926 1943 Id
957 1909 1030 1952 est,
1064 1902 1098 1944 si
1129 1918 1211 1944 non
1245 1902 1508 1944 contineatur
1538 1901 1706 1957 scriptis
1736 1908 1807 1943 aut
1837 1901 1970 1943 libris.

471 1979 536 2018 22.
570 1978 664 2032 quid
692 1978 722 2032 f.
756 1977 788 2017 l.
809 1977 865 2019 M.
880 1992 924 2032 p.
987 1975 1126 2028 Quem
1157 1977 1336 2017 fructum
1368 1975 1540 2017 haberet
1562 1975 1779 2026 Romulus,
1812 1975 1893 2017 nisi
1923 1974 2193 2016 laudaretur?

472 2050 558 2107 [23.
591 2050 625 2092 si
658 2059 732 2092 tac.
767 2067 800 2093 0.
822 2065 871 2092 m.
931 2049 1026 2092 Nisi
1048 2049 1307 2092 carminibus
1337 2049 1580 2091 laudaretur
1600 2049 1819 2099 Romulus,
1852 2049 1953 2103 quid
1976 2048 2195 2104 prodesset

362 2123 424 2164 illi
455 2124 604 2166 fecisse
635 2124 780 2180 talia?]

472 2199 538 2240 25.
573 2200 761 2240 Aeacum.
835 2196 960 2239 Jouis
997 2197 1130 2238 filium
1174 2196 1518 2238 inmortalitatem
1563 2197 1665 2239 dicit
1709 2197 1953 2239 adsecutum
1999 2196 2194 2238 laudibus

362 2279 590 2327 poetarum.

473 2348 537 2387 27.
569 2347 722 2388 insulis.
784 2344 902 2398 Quas
933 2345 977 2386 in
1009 2343 1184 2386 Oceano
1216 2344 1460 2386 constitutas
1490 2345 1724 2398 fortunatas
1755 2344 1972 2400 appellant
2002 2344 2090 2386 siue
2120 2345 2193 2385 in—

358 2419 470 2462 sulas
502 2420 722 2462 bealorum.

359 2575 429 2595 cum
455 2564 630 2604 parrhasiis
656 2565 776 2594 tabulis
803 2565 897 2601 signa
924 2565 952 2593 2.
979 2565 1057 2593 Post
1082 2562 1212 2601 sculptor
1237 2563 1334 2601 uulgo
1360 2563 1505 2593 additur:
1534 2562 1614 2593 Dicit
1638 2572 1668 2592 sc
1698 2573 1763 2592 cnm
1788 2562 1894 2593 tabulis
1925 2563 2010 2602 sz'yna
2042 2562 2192 2597 daturum,

360 2627 391 2652 et
416 2626 489 2661 post
515 2621 720 2651 Parrhasius:
748 2630 821 2650 nam
847 2620 894 2650 hic
919 2621 1068 2650 niciniori
1096 2620 1279 2657 respondet.

477 2679 511 2718 3)
538 2678 653 2708 sollers.
680 2678 804 2716 peritus
831 2678 961 2715 fingere.
984 2686 1106 2715 ponere.
1134 2677 1248 2706 facere.
1274 2676 1422 2706 formare.
1450 2686 1637 2715 componere
1655 2676 1713 2705 AR
1731 2676 1874 2715 (solers).
1924 2676 1959 2714 4)
1986 2675 2059 2704 inm.
2084 2673 2198 2712 templi

358 2735 398 2765 A.
428 2735 463 2764 In
489 2735 548 2766 for.
575 2736 628 2765 let.
654 2735 797 2773 Androg.
818 2734 885 2765 RG.
903 2735 973 2764 rell.
998 2744 1058 2763 om.
1076 2733 1197 2771 Vulgo:
1219 2742 1333 2771 ponere
1360 2734 1489 2771 fingere.
1516 2733 1630 2771 facere,
1660 2733 1750 2763 form.
1777 2742 1976 2771 componere.
2003 2732 2108 2761 facere
2134 2740 2194 2760 om.

363 2791 444 2822 12G.
471 2802 572 2830 comp.
599 2802 660 2822 om.
692 2791 749 2822 1G.
771 2801 895 2830 ponere.
923 2792 1120 2821 constituero
1147 2794 1178 2819 ut
1204 2799 1252 2827 po.
1279 2789 1421 2818 imnania
1452 2791 1583 2828 templu.
1616 2790 1666 2819 uel
1688 2799 1802 2829 ponere
1834 2791 1954 2828 fingere
1985 2798 2011 2829 γ.
2079 2787 2113 2826 7)
2140 2792 2195 2817 aut

361 2849 484 2877 animus
510 2849 687 2878 diuitiarum
713 2858 810 2887 egens
835 2848 870 2877 R.
896 2849 1003 2877 Acron
1030 2852 1059 2877 et
1087 2848 1206 2884 Porph.
1237 2847 1327 2885 (uide
1354 2846 1453 2885 infra)
1483 2848 1601 2883 leg-isse
1631 2848 1784 2877 uidentur
1815 2846 2001 2876 diuitiarum.
2033 2846 2064 2875 K
2095 2845 2193 2874 habet

360 2903 550 2936 (Illiciarinn.
601 2907 634 2944 8)
662 2905 836 2935 anteferret
853 2905 996 2934 AR12G.
1015 2909 1090 2934 ante
1105 2903 1199 2943 sores
1224 2914 1247 2932 r.
1275 2904 1344 2932 rell.
1374 2904 1445 2932 cdd.
1472 2905 1617 2933 antcfcrs.
1638 2901 1798 2933 anteferas
1817 2903 1854 2938 Q.
1875 2903 2023 2932 omnibus
2043 2901 2192 2940 (Porph).

362 2970 423 2989 om.
451 2962 480 2989 2.
531 2962 565 2998 9)
593 2962 696 2991 dicere
721 2961 845 2991 muneri
869 2961 895 2991 A
924 2961 1006 2999 (bis)
1034 2962 1082 3002 γΙ),
1109 2965 1141 2989 ut
1170 2970 1254 2989 mnu.
1274 2960 1347 2989 rferc
1373 2961 1464 2989 codd.
1491 2961 1631 2990 Horatii.
1697 2962 1751 2997 10)
1779 2970 1823 2997 pr.
1853 2963 1995 2997 speraret
2021 2958 2059 2988 A.
2087 2961 2195 2995 sperat

360 3026 408 3055 pr.
435 3017 470 3046 R.
497 3018 565 3045 rell.
592 3028 673 3055 sper.
700 3019 848 3056 pretium.
919 3019 971 3057 13)
998 3018 1064 3047 sch.
1092 3026 1153 3045 om.
1181 3016 1220 3045 A.
1247 3017 1323 3054 quin.
1349 3021 1398 3046 ter
1422 3016 1543 3046 bellavit
1566 3028 1611 3046 co.
1638 3017 1728 3046 Rom.
1758 3018 1786 3045 2.
1856 3017 1909 3054 17)
1936 3016 2194 3044 inlustrarentur

361 3073 398 3103 A.
423 3073 538 3103 illustr.
566 3074 600 3102 ll.
629 3074 673 3105 fh.
706 3075 774 3104 rell.
810 3075 1018 3103 illustrentur.
1086 3073 1141 3112 19)
1169 3073 1300 3102 oriundo
1326 3072 1393 3101 AR.
1425 3074 1540 3102 rodino
1575 3073 1658 3104 Anu.
1692 3073 1808 3102 ‘rodino
1842 3071 1926 3106 rCQ.
1960 3072 2026 3100 rell.
2058 3071 2193 3101 rhodino

360 3129 475 3167 RI2G,
501 3130 569 3159 vfh.
597 3131 733 3159 rhmlino
754 3143 779 3159 c.
806 3135 837 3159 et
864 3130 977 3159 rhudio
1003 3140 1030 3159 a.
1084 3130 1140 3167 21)
1168 3129 1203 3158 Id
1231 3135 1277 3158 est
1304 3129 1370 3157 AR.
1398 3130 1596 3159 contineatur
1628 3129 1707 3158 AR2
1741 3129 1819 3166 (lm.
1855 3128 1951 3166 corr.)
1987 3128 2056 3157 rell.
2091 3128 2194 3157 conti-

361 3190 506 3215 neantur.
534 3204 565 3206 ἡ
601 3190 652 3215 aut
675 3186 771 3221 Anax
799 3188 869 3216 rell.
897 3188 959 3217 uel.
1022 3186 1079 3225 23)
1107 3186 1171 3216 sch.
1200 3196 1259 3216 om.
1284 3185 1344 3215 ΛΖ.
1371 3186 1557 3215 laudaretur
1582 3190 1634 3215 aut
1658 3186 1733 3224 quid
1759 3185 1883 3223 prodest
1907 3185 1940 3214 il.
1966 3184 2025 3215 fec.
2051 3185 2131 3215 talia
2156 3184 2192 3213 P..

363 3243 421 3281 25)
450 3243 517 3272 ads.
545 3242 585 3272 A.
612 3252 712 3272 asscc.
739 3243 826 3280 l{·2‚r.
