2283 3535
267 975 307 1006 10

268 1343 307 1374 15

267 1709 310 1742 20

329 174 411 214 484
972 181 1078 213 Aen.
1103 181 1163 212 ET
1188 180 1356 212 Ponrn.
1383 180 1530 212 comi.

330 306 532 363 Aegypto
553 305 673 347 multi
696 310 802 355 sunt,
828 303 915 360 [ea]
938 303 1191 353 habitacula,
1225 317 1331 357 quae
1353 302 1435 344 sibi
1455 302 1662 359 Aegyptii
1683 303 1841 344 faciunt
1861 302 1915 343 ad
1936 302 2164 343 arcendam

331 380 512 422 culicum
533 378 782 427 molestiam,
806 380 1025 417 κωνωπεῖα
1048 376 1326 431 appellantur.
1382 376 1557 426 Quidam
1579 375 1801 416 reticulum
1824 375 1971 416 dicunt
1985 375 2165 431 Aegyp-

330 453 481 494 tiorum
523 451 710 507 reginae,
758 450 869 506 quod
916 465 1044 504 supra
1088 449 1241 490 lectum
1287 448 1528 489 tenderetur
1573 448 1797 489 aduersum
1843 448 2011 498 culices,
2056 447 2166 489 inter

329 525 487 567 uexilla
517 531 742 580 portatum.

447 600 512 639 17.
545 599 599 639 ad
627 598 746 640 hunc.
792 596 843 638 Id
864 603 944 638 est:
978 601 1123 637 contra
1142 595 1267 644 hunc,
1301 601 1446 635 contra
1466 593 1714 644 Antonium,
1737 594 1835 649 quia
1856 594 1911 635 ad
1933 592 2165 636 Caesarem

332 672 609 728 confugerunt
642 678 679 712 et
709 685 837 725 equos
869 669 1092 710 aduersum
1125 667 1360 709 Antonium
1394 666 1508 724 [cum
1540 667 1681 724 sistro]
1716 674 2022 710 conuerterunt.

447 746 509 786 18.
543 753 739 786 canentes.
800 743 1060 791 Laudantes‚
1093 748 1136 782 ut
1171 741 1244 796 (A.
1277 740 1377 791 VII,
1412 741 1533 796 698):
1567 755 1772 796 reyemque
1804 742 2013 783 canebant.

445 819 512 859 20.
537 833 693 874 puppes
735 818 1011 858 sz'm‘strorsmn
1043 816 1087 856 σι’.
1161 814 1342 857 Veloces
1388 814 1442 855 ad
1486 814 1748 870 fugiendum,
1793 822 1836 855 ut
1884 812 1959 870 (A.
1992 813 2038 865 V,
2071 815 2166 870 66):

332 893 473 933 Prima
506 892 606 932 citae
646 892 812 931 Teucris
836 903 989 945 ponam
1021 890 1241 930 certamina
1273 889 1426 930 classis.

447 966 512 1005 22.
543 965 715 1006 intactas
754 964 883 1005 boues.
958 961 1137 1003 Paratas
1182 962 1235 1002 ad
1281 961 1534 1002 sacrificium
1575 975 1652 1016 pro
1697 960 1924 1015 triumpho.
1990 961 2170 1004 Intactas

332 1044 471 1079 autem
500 1037 700 1092 integras,
736 1035 813 1093 [et]
847 1035 1045 1085 sinceras,
1078 1042 1123 1076 ut
1158 1033 1230 1088 (G.
1261 1033 1339 1085 IV,
1373 1036 1493 1090 551):
1541 1043 1577 1076 et
1618 1036 1771 1076 intacta
1814 1034 1972 1076 totidem
2017 1036 2170 1077 ceruice

335 1113 545 1154 iuuenca-s.

446 1185 511 1225 23.
543 1199 615 1226 nec
644 1183 887 1239 Juqurtlzino
914 1196 1066 1239 parem.
1140 1180 1237 1224 Non
1282 1188 1396 1223 tanto
1442 1181 1500 1222 ait
1530 1180 1668 1236 gloria
1697 1180 1973 1236 triumphauit
2003 1180 2170 1224 Marius

334 1259 385 1300 de
416 1257 644 1313 «Iugurtha.

448 1332 513 1372 25.
545 1345 677 1387 super.
738 1328 910 1371 Contra.
970 1328 1154 1370 Deuicta
1186 1328 1297 1370 enim
1331 1326 1591 1384 Carthagine
1621 1328 1775 1369 uirtute
1805 1326 2020 1384 Scipionis
2051 1327 2170 1371 Afri-

335 1404 430 1446 cani
462 1419 557 1445 cum
588 1402 683 1444 Afri
714 1403 940 1444 aduersum
961 1402 1176 1444 Romanos
1206 1401 1471 1452 rebellarent,
1503 1401 1691 1443 consulto
1722 1402 1892 1443 oraculo
1923 1416 2171 1458 responsum

335 1486 408 1528 est,
439 1477 483 1518 ut
515 1477 754 1532 sepulerum
788 1475 980 1531 Scipioni
1010 1476 1140 1526 fieret,
1175 1476 1286 1530 quod
1309 1473 1615 1530 Carthaginem
1636 1475 1887 1530 respiceret3
1925 1483 2024 1517 tunc
2045 1476 2172 1518 leuati

335 1551 497 1593 cineres
518 1551 606 1593 eius
629 1558 722 1592 sunt
754 1550 804 1591 de
835 1550 1055 1605 pyramide
1087 1550 1131 1590 in
1152 1548 1360 1591 Vaticano
1393 1549 1614 1591 constituta
1646 1556 1685 1590 et
1716 1549 1876 1590 humati
1907 1549 1952 1590 in
1976 1550 2169 1606 sepulcro

335 1625 424 1667 eius
455 1625 498 1666 in
530 1632 655 1680 portu
696 1622 1002 1680 Carthaginem
1033 1623 1297 1679 respiciente.

451 1701 517 1740 27.
549 1700 681 1740 uictus
713 1698 848 1740 hostis.
910 1696 1135 1739 Antonius.

336 1892 406 1913 cum
431 1883 475 1920 gl.
496 1881 640 1922 cortina).
660 1882 729 1912 rell.
748 1891 935 1920 conopeum.
954 1881 985 1910 K
1005 1881 1173 1911 duodecim
1190 1881 1314 1919 priores
1333 1883 1460 1910 tantum
1478 1888 1589 1910 uersus
1607 1881 1638 1910 h.
1659 1892 1685 1911 o.
1705 1882 1813 1912 habet.
1832 1882 1904 1925 Βφτ
1930 1882 2174 1913 CONOPEVM

336 1940 519 1977 cleopatrae
545 1939 631 1977 quod
658 1938 807 1968 ferebant
832 1939 954 1968 milites
981 1939 1116 1968 romani.
1165 1938 1225 1967 Est
1253 1941 1362 1966 autem
1388 1946 1488 1975 genus
1513 1937 1585 1966 retis
1604 1937 1702 1976 (conf.
1732 1938 1773 1978 C)
1792 1939 1833 1967 ad
1858 1939 1977 1969 culices
2003 1940 2174 1978 prohiben-

337 1996 402 2025 dos.
429 1995 574 2033 (reticula
599 1996 692 2033 plena
718 2005 862 2025 rosarum
889 1994 956 2024 Cic.
983 1994 1072 2023 Verr.
1098 1995 1136 2032 V,
1159 1996 1208 2023 11.
1237 1993 1333 2023 Ouid.
1360 1992 1400 2023 A.
1420 1992 1475 2030 III,
1504 1995 1579 2023 361.
1607 1999 1751 2024 aromata
1777 1996 1809 2024 in
1834 1996 2001 2025 reticulum
2027 1997 2174 2027 iunceum

337 2056 393 2082 aut
418 2053 538 2081 lineum
564 2052 693 2082 adiecta
719 2051 842 2082 Colum.
868 2051 940 2088 XII,
969 2051 1038 2089 51).
2113 2044 2122 2051 ’

454 2110 485 2146 1)
512 2118 547 2137 ea.
573 2119 634 2138 om.
660 2108 778 2146 ARl,1·.
804 2112 831 2137 et
855 2117 955 2137 mvca.
982 2108 1169 2137 habitacula
1195 2117 1254 2136 om.
1284 2107 1335 2136 21.
1362 2105 1405 2135 C:
1431 2116 1591 2145 conopeum
1615 2117 1716 2145 genus
1745 2113 1791 2138 est
1818 2110 1897 2138 retis
1930 2110 1972 2139 ad
1995 2120 2113 2141 muscas
2143 2117 2175 2142 et

338 2169 370 2194 ct
396 2166 514 2194 culices
541 2165 729 2203 abigendos,
763 2174 824 2202 quo
849 2164 1065 2193 Alexandrini
1097 2164 1301 2202 potissimum
1330 2167 1468 2192 ntuntur
1500 2168 1630 2202 propter
1661 2166 1798 2195 culicum
1832 2166 1899 2195 illie
1930 2167 2174 2198 abundantiam.

336 2222 399 2251 Hic
424 2225 532 2251 autem
559 2223 714 2260 accipitur
732 2231 793 2260 pro
818 2220 950 2250 omnibus
975 2220 1091 2250 deliciis
1116 2225 1142 2249 et
1165 2219 1273 2249 mundo
1292 2219 1498 2257 Cleopatrae.
1548 2220 1711 2257 Kuavonteg
1736 2226 1843 2252 autem
1869 2223 1988 2253 culices
2014 2225 2174 2255 dicuntur.

336 2280 413 2308 hinc
438 2274 613 2309 Κωνώπεια
637 2279 705 2307 uela
730 2279 771 2307 ad
797 2278 953 2307 arcendos
979 2278 1107 2307 culices.
1133 2287 1163 2319 γῑ
1194 2286 1362 2315 conopeum.
1390 2277 1509 2306 tentorii
1533 2287 1636 2315 genus
1662 2283 1693 2308 et
1717 2289 1878 2318 conopeum
1895 2281 1935 2309 ad
1954 2281 2174 2318 prohibendos

336 2336 466 2366 culices
494 2339 542 2364 set,
569 2336 628 2364 hoc
653 2336 794 2364 maxime
821 2335 1029 2363 alexandrini
1056 2337 1190 2363 utuntur
1215 2334 1269 2372 qui
1295 2334 1482 2363 habundant
1508 2334 1674 2364 culicibus.
1725 2336 1759 2374 2)
1786 2336 1868 2374 quod
1883 2340 1942 2366 ret.
1962 2338 1990 2366 2.
2041 2338 2076 2377 4)
2102 2347 2177 2376 por-

337 2391 441 2421 tabant
467 2392 495 2420 2.
562 2392 596 2430 5)
623 2390 673 2420 Ad
695 2391 771 2420 hunc
796 2390 845 2433 Αγ
871 2390 927 2428 (al.
956 2391 995 2420 ad
1020 2390 1091 2429 huc)
1117 2389 1339 2426 bR,rmvcafh,
1366 2394 1401 2418 ut
1426 2391 1557 2428 plurimi
1583 2396 1662 2422 uett.
1688 2393 1778 2422 codd.
1805 2393 1946 2422 Horatii.
1974 2393 2084 2424 Ambr.
2112 2404 2130 2424 a
2158 2397 2173 2424 l

336 2458 376 2478 m.
403 2448 445 2477 ad
468 2448 556 2484 hunc.
597 2449 626 2477 in
654 2457 764 2477 rasura
791 2457 867 2477 corr.
895 2453 926 2477 at
950 2448 1013 2477 hoc.
1040 2448 1066 2476 E
1094 2447 1136 2476 ad
1158 2447 1224 2476 hue.
1252 2448 1281 2476 2.
1307 2457 1348 2476 m.
1374 2457 1452 2478 corr.
1480 2457 1550 2476 cum
1576 2448 1619 2485 gl.
1648 2450 1668 2477 i.
1695 2449 1736 2478 cal
1759 2458 1892 2479 cesarem
1915 2450 1984 2493 Βφε
2022 2451 2064 2480 ad
2087 2451 2175 2482 szw.

337 2506 378 2534 ad
404 2514 575 2534 caesarem.
602 2508 633 2533 ατ
656 2504 713 2534 huc
739 2510 771 2534 ut
790 2504 862 2540 HQ.
890 2504 936 2542 (αι
961 2502 1072 2543 {ulit-5²)
1098 2507 1203 2533 contra
1227 2503 1303 2533 hunc
1329 2514 1412 2533 omn.
1440 2504 1643 2541 '21G‚rmvca.
1672 2506 1742 2535 scil.
1770 2510 1947 2536 contraant.
1976 2507 2005 2535 2.
2053 2508 2088 2547 6)
2116 2509 2173 2538 ad-

337 2571 443 2591 uersas
473 2563 499 2590 1.
528 2580 568 2582 ἡ
596 2571 662 2590 cum
685 2561 776 2590 sistro
802 2571 862 2591 om.
887 2560 1060 2599 AR21G‚r.
1129 2561 1162 2599 7)
1190 2561 1362 2590 laudantes
1388 2571 1448 2591 om.
1475 2561 1514 2590 A.
1541 2572 1610 2591 can.
1637 2563 1808 2592 laudantes
1833 2572 1859 2604 γ.
1924 2562 1959 2601 8)
1985 2563 2022 2592 Id
2047 2569 2107 2602 est,
2134 2566 2175 2594 ad

339 2620 405 2657 fug.
431 2619 515 2648 citae
540 2623 594 2647 aut
621 2619 747 2648 ueloccs
774 2620 803 2647 2.
871 2620 904 2656 9)
931 2619 1103 2647 certamine
1131 2628 1190 2647 om.
1217 2618 1265 2646 fh.
1304 2618 1511 2647 sinebam-sem
1547 2620 1566 2648 i.
1595 2629 1620 2648 e.
1649 2621 1732 2649 malo
1764 2621 1898 2658 augurio
1932 2621 1961 2649 2.
1994 2621 2034 2650 ad
2065 2621 2174 2660 fugam

338 2680 469 2714 paratae
494 2675 602 2704 Ambr.
662 2676 716 2714 10)
743 2675 903 2704 Lemmati
930 2676 969 2704 ad
995 2675 1091 2704 boues.
1120 2674 1361 2704 sacrificandum
1387 2674 1525 2704 mvcafh.
1553 2676 1740 2706 sacrificium
1764 2686 1778 2705 1·
1803 2681 1837 2706 ut
1864 2677 1953 2706 codd.
1984 2694 2017 2699 -
2047 2677 2175 2707 intactas

338 2737 393 2762 aut
419 2733 574 2769 integras.
605 2732 634 2761 2.
688 2733 742 2770 ll)
770 2737 797 2761 et
826 2742 886 2761 om.
914 2732 976 2761 Αἱ).
1000 2750 1037 2752 ψ
1059 2736 1086 2761 et
1115 2741 1175 2761 om.
1202 2731 1239 2763 Α,
1266 2741 1302 2760 ω·
1329 2733 1386 2761 int.
1414 2742 1438 2761 r.
1492 2734 1546 2771 12)
1573 2733 1623 2762 Ait
1647 2743 1709 2762 non
1736 2738 1824 2763 tanta
1849 2734 1913 2772 glo.
1941 2735 1969 2763 2.
2020 2734 2075 2772 15)
2102 2733 2174 2764 affri

337 2788 374 2817 Λ.
402 2790 550 2818 aduersus
574 2788 632 2817 112.
695 2790 749 2827 17)
779 2788 928 2827 scipionis
956 2790 983 2818 2,
1048 2789 1102 2827 18)
1129 2789 1257 2817 humata
1288 2788 1417 2818 1Grmv.
1446 2789 1565 2827 Tangit
1590 2790 1677 2819 illam
1703 2791 1872 2819 historiam
1898 2800 1959 2829 qua
1985 2800 2174 2829 responsum

340 2848 386 2873 o>t
413 2844 462 2882 (in
489 2855 550 2883 qua
577 2846 731 2883 seriptum
759 2849 814 2881 cst,
842 2855 881 2874 ex
901 2846 1028 2875 oraculo
1048 2844 1089 2883 C)
1115 2845 1154 2873 ad
1181 2845 1428 2883 compescendos⁴
1455 2846 1538 2874 afros
1565 2847 1680 2875 debere
1707 2847 1908 2884 sepulchrum
1935 2848 2070 2886 scipioni
2097 2847 2176 2878 afri-

339 2910 418 2930 cano
446 2902 491 2929 ita
517 2902 657 2930 consinii
684 2905 719 2930 ut
744 2902 877 2930 afrivam
904 2903 1090 2931 intueretur.
1118 2902 1177 2930 hoc
1203 2905 1309 2931 autem
1336 2902 1460 2931 monitu
1487 2903 1635 2939 (deorum
1662 2902 1702 2942 C)
1729 2905 1871 2941 positum
1905 2909 1953 2934 est
1978 2905 2055 2934 inter
2080 2904 2176 2934 hostia

339 2961 365 2985 et
390 2957 511 2985 Portum
536 2958 591 2998 ·(('=.
618 2957 748 2995 sepulch.
776 2957 880 2996 coms]
932 2959 1012 2987 Nam
1039 2958 1078 2986 ad
1104 2958 1239 2995 gloriam
1266 2958 1450 2996 sepulturae
1477 2959 1565 2988 illius
1596 2969 1660 2989 non
1697 2964 1819 2998 potest*
1840 2961 1948 2990 referri
1987 2961 2063 3000 quia
2100 2961 2174 2991 dum

340 3013 467 3042 deuicta
493 3015 658 3049 cartagine
685 3023 830 3043 reuersus
857 3019 940 3044 esset
968 3015 1041 3044 odio
1067 3024 1138 3043 cum
1166 3015 1345 3044 habuerunt
1370 3017 1501 3044 romani.
1541 3023 1734 3055 quapropter
1760 3027 1830 3047 eum
1856 3017 1957 3046 exilio
1981 3018 2175 3049 damnarunt

341 3071 394 3099 ubi
423 3074 450 3099 et
478 3075 621 3098 mortuus
647 3075 691 3099 est
724 3072 804 3099 uude
833 3072 899 3108 ipsa
926 3080 1018 3108 super
1045 3072 1250 3109 sepulchrum
1286 3082 1374 3100 suum
1414 3073 1471 3101 hoc.
1509 3073 1603 3102 scribi
1650 3074 1756 3102 iussit.
1807 3073 1938 3111 Ingrata
1975 3075 2080 3111 patria
2116 3084 2174 3104 nec

341 3128 464 3156 cineres
492 3133 597 3156 seruat
626 3137 722 3156 illvssx.
745 3128 805 3170 1³2³·
840 3128 939 3165 Neque
965 3128 1105 3167 (glria-ano
1130 3128 1168 3170 (φ
1197 3138 1276 3157 man.
1304 3130 1338 3157 2:
1366 3130 1415 3157 uel
1443 3129 1651 3168 africanzmz):
1679 3130 1753 3159 Seil.
1781 3130 1953 3167 reportasti
1979 3139 2087 3168 parem
2114 3132 2173 3160 sci-

342 3184 428 3221 pioni
456 3183 517 3226 Βφ.
584 3184 639 3221 20)
667 3184 860 3221 Notandum.
888 3185 918 3213 in
946 3184 972 3213 A
1002 3184 1106 3223 (Hor.)
1134 3190 1208 3214 ante
1237 3195 1265 3214 u.
1295 3185 1346 3214 27.
1374 3195 1488 3215 nouam
1515 3187 1562 3216 lit.
1597 3187 1668 3216 init.
1703 3187 1776 3216 mai.
1811 3187 1964 3224 conspici⁷
1999 3196 2060 3226 qua
2090 3196 2174 3217 noua
